3140 5076
636 279 881 352 ...59-.

212 473 313 537 lorum
335 471 471 536 additam
489 473 529 537 sit
548 475 722 557 posteriore
740 481 878 554 tempore
900 493 939 538 ex
949 473 1010 538 hoc
1029 487 1093 536 uno
1110 470 1216 554 colligi
1234 476 1307 553 pot·

216 589 272 648 est.
316 582 459 646 Florente
482 583 582 646 adhuc
614 585 711 647 libera
731 583 901 665 Republica
929 589 1021 664 atqua
1040 582 1146 664 primis
1168 581 1224 644 sub
1249 581 1311 644 lm-

214 690 407 774 peratoribus
429 692 571 756 rhetores
593 699 624 756 et
649 691 866 775 grammaticos
896 693 927 754 in
949 707 1110 755 sorvorum
1132 687 1311 752 conditione

213 799 266 863 ‘vet
295 801 327 862 tn
356 801 466 866 ordine
495 802 639 866 libertino
668 809 757 865 natos
788 803 939 866 invenias.
983 781 1156 867 Suetonius
1173 797 1311 878 exempla

218 908 311 973 babet
332 910 469 973 inlibris
500 911 537 972 dc
558 909 731 973 tttmosoaa
754 909 968 973 Grammaticis
990 916 1021 972 et
1048 909 1086 972 dc
1105 907 1207 970 Gloria
1225 904 1312 968 ttae-

216 1015 341 1079 toribas.
370 1018 452 1081 inter
470 1019 526 1083 hos
547 1016 695 1084 Otacilius
709 1017 815 1081 Pititas
835 1021 933 1101 primo
956 1035 1083 1096 servus,
1107 1023 1198 1098 atquc
1217 1015 1309 1080 etiam

219 1126 381 1207 ostiarius,
409 1132 515 1192 vetere
543 1129 631 1192 mora
659 1131 692 1192 in
721 1136 830 1192 catena
852 1129 909 1192 fuit
924 1135 960 1208 ¹).
1004 1126 1095 1208 Apud
1117 1126 1221 1191 Gallos
1252 1123 1313 1188 tale

220 1234 293 1315 quid
315 1233 422 1299 nullibi
444 1239 638 1320 cccunit2):
662 1239 837 1316 rhetorum,
862 1256 879 1301 e
902 1236 1069 1315 conbario,
1090 1234 1232 1298 novimus
1251 1249 1315 1296 non

222 1359 339 1424 paucos
373 1343 465 1409 claris
493 1347 669 1426 parentibus
699 1346 857 1409 oriundos.
901 1343 1022 1407 Aemilii
1042 1343 1147 1424 ticam
1167 1339 1314 1417 dotarii,

220 1452 355 1518 rhetoris
375 1455 543 1535 tolosani,
566 1463 653 1537 pater
676 1457 856 1535 dedamus,
880 1457 977 1518 maier
1005 1453 1202 1533 Tarbellica,
1225 1446 1313 1516 ambo

224 1579 323 1645 genus
356 1582 529 1645 procerum.
572 1566 663 1630 Adeo
686 1567 829 1630 docendo
860 1566 959 1649 gloria
997 1566 1167 1629 ethonore
1190 1569 1315 1628 ornatus

224 1672 299 1751 tuit,
323 1674 454 1738 etfama
478 1675 771 1758 Constantinopolim
795 1675 966 1755 deductus,
1000 1675 1065 1755 ibi,
1101 1674 1213 1738 edocto
1236 1674 1315 1738 Gae-

221 1798 293 1844 sare
314 1799 389 1863 opes
411 1789 441 1846 et
463 1784 598 1849 honores
621 1786 652 1848 in
671 1785 845 1876 mercedem
861 1785 1065 1865 accinerati).
1109 1783 1212 1848 Nobili
1235 1799 1315 1864 quo·

176 1909 190 1930 ·
221 1908 280 1972 que
310 1908 427 1974 genere
449 1895 697 1976 grammaticum,
728 1894 857 1956 Aciliam
880 1892 1090 1971 Glabrionem,
1119 1897 1314 1974 praematuro

221 2001 284 2065 lato
305 2001 407 2080 uxori,
430 2001 546 2082 liberis,
568 2003 767 2084 parentibus,
792 2003 908 2066 civibus
928 2007 1064 2083 ereptum
1085 2001 1207 2083 paulurn
1229 2001 1316 2064 abest

223 2110 295 2190 quin
318 2129 386 2173 cum
406 2115 497 2192 poeta
519 2111 698 2195 lugeamus3
730 2131 801 2175 nam
830 2111 1005 2192 eloquentia
1038 2117 1150 2191 potens
1180 2111 1213 2171 in
1245 2110 1315 2173 loro

221 2219 316 2284 tutela
337 2227 403 2285 erat
421 2221 494 2300 reis,
518 2228 678 2302 praeterea
699 2221 898 2299 commodus,
920 2220 1038 2299 laetus,
1060 2219 1236 2300 benignus,
1259 2217 1316 2280 ab·

222 2333 359 2411 stamius,
379 2333 441 2396 tar'n
458 2332 566 2396 bonus·
581 2333 691 2397 dandis
721 2350 843 2414 semper
865 2330 1013 2410 consitiis,
1036 2345 1126 2412 quam
1147 2328 1315 2391 taciturnus

222 2441 351 2520 datisl).
397 2442 475 2518 Quin
497 2443 590 2506 immo
605 2461 638 2504 'e
660 2437 842 2505 Druidarum
874 2441 1023 2504 honorata
1053 2439 1148 2520 stirpe
1170 2437 1316 2502 exstitero

219 2551 371 2629 rhetores,
394 2551 491 2632 qualis
513 2547 711 2627 Phoebiana,
731 2551 797 2632 aui
819 2549 1003 2632 Burdigalae
1032 2547 1208 2613 cathedram
1232 2545 1316 2610 obti-

219 2661 294 2738 nuit,
318 2661 465 2724 oriundus
488 2679 527 2724 ex
547 2661 739 2742 Aremorica,
761 2661 936 2742 etquidem
961 2659 1137 2723 Baiocassis
1159 2659 1316 2741 (Bayeux)

220 2767 253 2830 in
273 2769 431 2847 oenatria
462 2769 485 2831 l.
509 2771 625 2834 Caesar
651 2771 752 2849 eninr,
773 2770 808 2832 Β.
833 2769 868 2833 G.
892 2769 956 2848 vlt,
980 2769 1032 2847 75,
1055 2785 1113 2832 nos
1135 2767 1228 2830 docet
1249 2768 1317 2847 „ci-

223 2876 334 2939 vitates
364 2875 480 2940 Galliae
503 2878 659 2942 Oceanum
689 2876 874 2958 attingentes
894 2875 1058 2940 'Gallorum
1094 2875 1317 2938 consuetudine

220 2984 420 3049 Aremoricae
450 3001 520 3048 esse
551 2984 745 3066 appellatas.“
769 2983 902 3062 (Celtico
933 2969 1079 3048 idiomate
1111 3001 1150 3046 ar
1170 3000 1237 3045 mor
1257 2982 1316 3062 „ad

224 3176 383 3188 w.—

318 3283 400 3349 paulu
417 3293 546 3333 numanis
559 3277 596 3348 *1
615 3291 651 3330 cx
678 3289 755 3332 more
781 3277 942 3343 praestetur.
971 3307 1033 3332 ...
1070 3275 1244 3328 maerorum
1273 3275 1319 3325 vet

319 3381 487 3434 clarissimae
504 3377 608 3430 civitati
621 3376 729 3428 ubertus
747 3373 848 3438 abacto
865 3374 1016 3438 putavimus
1035 3372 1222 3428 deferendum:
1251 3353 1316 3422 rtie-

321 3476 373 3529 tori
394 3478 423 3528 ut
439 3475 474 3526 80
483 3507 492 3542 ‚
511 3475 573 3526 item
590 3472 627 3524 to
641 3472 818 3538 grammatica
835 3469 934 3522 Latium
942 3503 952 3538 ‚
974 3470 1082 3522 Graeco
1101 3471 1203 3538 edam,
1230 3468 1255 3520 si
1272 3467 1317 3538 qui

319 3573 416 3636 dignus
433 3571 548 3634 repertrt
565 3569 692 3636 potnerit,
713 3566 749 3619 12
767 3566 947 3630 praebeantur
966 3561 1122 3617 annonast

273 3685 304 3753 1)
322 3685 365 3736 Da
387 3682 429 3734 Ut.
447 3683 537 3734 soma
556 3694 580 3732 c.
598 3682 623 3730 s.
848 3741 852 3748 ι
1159 3737 1161 3742 Ι

268 3799 301 3867 a)
319 3795 445 3849 libertos
461 3795 530 3844 duos
548 3791 644 3843 Gallos
661 3803 745 3855 supra
762 3791 959 3844 nominavimus
975 3805 1001 3856 p.
1019 3792 1038 3842 a
1056 3791 1086 3847 et
1106 3792 1131 3847 tt.

276 3913 307 3980 a)
327 3907 428 3960 Aaron.
446 3904 568 3972 Priorem.
585 3905 659 3956 XVI.

276 4025 309 4089 4)
328 4021 430 4074 amm.
448 4017 573 4085 Profice.
590 4017 690 4070 XXIV.

370 4227 400 4297 *J
419 4224 560 4277 dothain:
579 4215 710 4292 „dumi
729 4222 798 4273 Nam
816 4221 933 4287 alloquin
945 4222 981 4276 18
989 4221 1024 4276 ad
1041 4221 1078 4278 24
1095 4222 1148 4276 dict
1167 4229 1223 4274 uon
1232 4229 1315 4286 posse

422 4299 548 4352 vtdaator
564 4295 649 4363 pacto
668 4295 807 4348 deductor
825 4298 983 4350 numanam
1186 4309 1193 4320 ·
