3140 5076
670 277 915 372 ..pq-

244 491 327 570 nua'n,
348 507 412 557 nou
432 488 598 560 invitorum
615 496 672 560 sed
694 496 853 578 hilarium,
874 491 1118 575 multitudinem,
1138 494 1205 576 ipse
1227 494 1266 558 ad
1286 511 1341 558 eos

245 599 359 666 vultum
390 603 600 670 subridentem
626 613 833 689 retorquens,
867 607 991 670 auribus
1013 604 1168 683 ducebat,
1199 601 1341 666 tenuibus

246 713 348 776 aureis
371 715 509 795 catenis,
541 733 619 797 quae
639 733 679 780 ex
701 718 767 782 eius
791 717 947 800 perlorata
977 715 1082 800 lingua
1104 719 1241 780 extrema
1264 729 1344 794 pen-

245 821 360 888 debant
384 830 420 904 ¹).

343 931 403 995 Vix
429 933 626 1016 agnoscimus
648 933 752 1014 Gallos
785 953 876 1017 quum
909 935 941 996 in
960 932 1090 998 Diodori
1112 931 1207 998 Siculi
1229 929 1346 994 Biblio-

246 1039 334 1104 tlneco
352 1041 499 1106 tumesco
513 1043 642 1128 legimus
658 1062 712 1109 eos
732 1039 858 1127 aspectu
877 1038 1050 1124 terribiles,
1063 1060 1143 1107 uoce
1162 1041 1346 1126 gravissimu

247 1149 408 1231 horridos,
431 1152 463 1214 iu
485 1153 653 1235 colloquiis
670 1155 766 1219 fuisse
795 1156 959 1218 verborum
993 1141 1105 1236 parcos
1134 1158 1165 1218 et
1185 1141 1345 1235 aenigma-

247 1260 337 1341 ticos,
362 1262 509 1345 pleraque
526 1264 756 1346 synecdochice
766 1266 976 1349 proferentes.
1000 1249 1261 1345 Septentrionales
1278 1261 1346 1324 lor-

247 1373 331 1434 tsss'e
358 1371 434 1435 vidit
462 1375 570 1438 nescio
600 1391 678 1456 quos
700 1361 995 1439 Franco-Gallorum
1019 1358 1113 1437 avos(
1158 1357 1283 1454 Propius
1307 1353 1347 1435 ad

247 1479 407 1544 ueritatem
430 1482 580 1547 describit
599 1483 810 1550 meridionalis
826 1482 943 1547 Galliae
957 1482 1087 1561 incolas,
1109 1467 1153 1544 uti
1175 1498 1230 1544 eos
1253 1479 1347 1544 bodie

249 1605 371 1670 quoquc
392 1591 543 1671 novimus,
563 1592 654 1656 multa
676 1591 876 1676 hyperbolice
897 1592 1036 1656 dieentes
1053 1591 1091 1655 ad
1114 1609 1199 1656 suam
1213 1589 1346 1670 laudem,

249 1697 394 1786 eliorum·
412 1717 488 1764 vero
511 1707 719 1783 contemtum,
742 1697 899 1783 minaces,
935 1701 1149 1784 superbientes
1170 1707 1200 1763 et
1221 1683 1351 1785 tra'goess

251 1807 361 1875 domm
382 1825 469 1875 more
491 1810 700 1877 declamantes
719 1819 758 1890 ²).
1095 1825 1097 1830 '

349 1919 460 1984 Libera
482 1921 607 1986 civitate
621 1923 654 1986 in
675 1923 837 2005 Imperium
854 1923 993 2002 redacta,
1014 1921 1138 1985 erebus
1160 1920 1289 2002 publicis
1312 1918 1351 1983 ad

252 2033 334 2092 entes
370 2029 548 2114 litterasque
581 2032 829 2116 frequentissime
867 2051 937 2097 sese
969 2037 1187 2096 converterunt
1212 2029 1350 2096 Romani.

253 2137 435 2222 Eloquentia
466 2158 529 2205 non
560 2144 684 2208 evanuit
704 2143 848 2226 quidem,
883 2142 939 2207 sed
966 2161 984 2206 a
1014 2142 1117 2224 populi
1147 2139 1351 2204 concionibus

254 2247 285 2312 in
321 2249 381 2314 lori
419 2251 582 2318 tribunalia
612 2253 822 2335 scholasque,
860 2252 900 2317 ad
936 2269 1044 2316 causas
1071 2251 1207 2334 privatas
1236 2254 1268 2311 et
1295 2247 1354 2312 de-

253 2358 452 2424 clamationes
472 2362 613 2445 refugit,
649 2364 834 2446 saepiusque
868 2363 1025 2427 rhetorum
1047 2367 1078 2424 et
1099 2359 1353 2424 scholasticorum

253 2466 376 2549 pallium
408 2470 516 2534 induit.
558 2471 713 2537 Interdum
735 2473 767 2535 in
787 2473 900 2538 Senatu
921 2473 1054 2535 maiores
1078 2488 1191 2535 causae
1215 2469 1355 2552 ageban-

252 2582 322 2657 tur,
358 2579 474 2643 circum
504 2582 619 2645 curiam
651 2581 803 2647 fremente
826 2588 857 2646 et
878 2581 1052 2645 clamitante
1082 2580 1195 2663 populo
1221 2582 1261 2658 3).
1306 2577 1352 2641 lbi

255 2687 347 2766 enim,
369 2690 597 2769 provinciarum
616 2694 768 2771 rectores,
790 2690 1027 2773 repetundarum
1040 2695 1091 2753 aut
1111 2687 1280 2752 maiestatis
1303 2687 1350 2752 rei

255 2797 393 2881 patronis
414 2805 532 2882 gratam
555 2807 586 2864 et
606 2801 710 2866 utilem
744 2801 854 2866 orandi
883 2800 1081 2864 occasionem
1103 2799 1293 2880 praebebant
1311 2798 1352 2870 l).

255 2906 416 2972 Praeterea
438 2908 609 2973 accedebat
627 2915 671 2989 ut,
692 2910 817 2992 prolatis
834 2910 865 2972 in
891 2909 1070 2973 immensum
1093 2903 1355 2989 lmperiiliomani

256 3015 384 3099 finibus,
404 3017 478 3083 urbs
497 3019 594 3084 Roma
616 3036 679 3083 non
701 3020 850 3102 amplius,
883 3024 915 3082 ut
937 3024 1045 3098 antea,
1068 3017 1135 3082 sola
1157 3015 1355 3083 scientiarum

258 3185 520 3203 -u-n—-n—q--uuae

311 3284 342 3350 1)
359 3278 533 3356 apostatat
553 3282 730 3356 ἢἮρακλῇς.
750 3297 775 3336 ο.
793 3287 820 3336 8.

264 3367 284 3428 ¹.
309 3383 341 3449 Β)
359 3378 450 3435 Atace
467 3379 498 3436 dl
515 3381 572 3436 elul
589 3377 638 3448 την
656 3381 804 3452 πρόσοψιν
824 3381 1058 3446 καταπληκτικοὶ,
1087 3379 1136 3432 καὶ
1163 3384 1223 3436 ταῖς
1245 3382 1358 3448 φωναῖς

354 3481 504 3550 βαρυηχεῖς
534 3478 582 3530 καὶ
606 3475 750 3537 παντελῶς
775 3476 977 3549 τραχύφωνοι·
1017 3466 1086 3528 κατὰ
1116 3473 1146 3528 dl
1170 3465 1222 3532 τὰς
1246 3469 1356 3544 ὁμιλίας

356 3573 543 3646 βραχυλόγοι,
561 3559 616 3628 καί
628 3573 828 3647 αἰνιγματίαι,
848 3576 897 3626 καὶ
914 3565 949 3624 τό
967 3571 1057 3626 uultui
1075 3569 1269 3641 αἰνιττόμενοι
1289 3583 1357 3622 ουν-

358 3669 526 3740 εκόοχικοῖς·
562 3661 650 3723 πολλὰ
681 3668 710 3724 dt
739 3671 867 3739 λέγοντες
895 3669 925 3724 ἐν
956 3665 1139 3738 ὑπερβαὶαις,
1168 3663 1211 3718 ἐπ’
1241 3661 1359 3732 adiisse

357 3769 412 3842 μὲν
431 3766 549 3832 ἔαυτόν,
567 3766 686 3842 μετιόσει
704 3764 736 3822 δὲ
752 3766 809 3832 τῶν
827 3764 931 3822 ἄλλων·
946 3763 1106 3832 aaronque
1131 3760 1162 3818 δὲ
1185 3764 1233 3815 act
1252 3758 1358 3814 ἀνατα-

359 3866 440 3930 τικοὶ,
455 3868 505 3919 καὶ
519 3865 763 3937 τετραγῳδημένοι
779 3859 951 3934 όιτόρχουοι.
987 3861 1020 3914 Ῑι.
1034 3861 1070 3929 V,
1088 3872 1112 3910 c.
1131 3859 1165 3909 ul
1184 3859 1242 3908 lull.

314 3962 349 4022 τ)
368 3959 438 4010 vura
458 3959 540 4013 racc.
560 3960 661 4011 mmm.
678 3961 728 4027 ur,
747 3957 863 4011 ιιι-ιι.
1306 4017 1309 4022 ,

314 4057 346 4119 d)
366 4055 429 4106 vlu
448 4053 523 4106 nnat.
554 4055 588 4107 de
608 4057 693 4108 οιαιι.
710 4056 790 4107 5-7.
821 4058 849 4106 et
869 4055 938 4120 proi.
957 4049 1358 4118 Bennett,'commentntionen

335 4152 517 4204 quonam
535 4149 577 4203 na
593 4157 699 4204 measa
716 4151 764 4203 ιιι
780 4147 878 4219 „aaa
889 4147 1050 4202 cautious
1067 4131 1233 4214 admoneas
1243 4144 1360 4199 nom-

359 4262 414 4301 cae
437 4247 612 4317 ααιιόίτόοιισ,
641 4247 767 4314 inprimis
795 4249 829 4300 de
845 4247 996 4301 Rbetorum
1023 4225 1130 4297 ecbottc.
1169 4243 1258 4296 Berol.
1278 4241 1359 4294 1836.

362 4359 388 4410 s·
405 4347 487 4402 3-5.
