3140 5076
8 55 15 291 ῑ

8 595 14 702 Ἰ

621 275 868 352 ..qq...

293 465 464 548 Unicuique
479 465 642 533 Galliarum
665 467 791 533 scholae
814 467 990 549 praefectus
1011 468 1203 549 praepositus
1226 477 1292 535 erat

198 573 249 658 qui
268 577 438 640 studiorum
459 577 600 642 ordinem
621 585 769 642 servaret.
814 580 863 643 Ab
885 579 945 642 boc
967 579 1133 656 secundus,
1159 580 1225 643 eius
1244 582 1294 643 vi-

198 703 266 748 cem
289 703 414 768 gerens,
432 687 572 750 Ausonio
592 687 755 749 subdoctor
776 688 842 751 sive
861 687 1044 768 proscholus
1066 688 1187 752 dicitur.
1228 689 1294 752 Hu-

195 794 243 856 ius
266 795 392 877 generis
414 796 585 874 bominem,
610 803 640 858 at
662 797 847 860 eruditarum
879 815 1028 880 nugarum
1051 797 1222 877 curiosum,
1246 797 1292 860 sio

196 901 360 1002 alloquitur
379 903 536 968 Ausonius
555 905 740 969 Victoriam:

320 1013 436 1077 Victori
456 1016 603 1095 studiose,
626 1033 754 1094 memor,
779 1015 873 1093 celer,
896 1015 1047 1096 ignoratis
1161 1089 1164 1102 ⁸

357 1123 517 1187 Assidue
508 1141 541 1186 rn
562 1124 660 1202 libris,
682 1141 741 1185 nec
763 1123 822 1186 nisi
847 1129 954 1202 operta
974 1123 1103 1204 legens3

322 1231 440 1296 Exesas
461 1233 563 1311 tineis,
587 1232 758 1313 opicasque
778 1228 924 1298 evolvere
947 1230 1081 1310 chartas,

366 1341 464 1404 Maior
484 1359 571 1423 quam
592 1325 739 1424 promptis
762 1360 834 1405 cura
858 1341 912 1404 tibi
932 1342 963 1404 in
987 1342 1105 1405 studiis.

320 1451 408 1526 Quod
431 1451 478 1514 ius
498 1443 685 1532 pontificum,
709 1453 786 1533 qu'ae
808 1451 948 1530 foedera,
971 1458 1097 1516 stemma
1118 1451 1200 1533 quod
1222 1451 1294 1514 olim

366 1559 448 1622 Ante
469 1561 595 1624 Numam
619 1561 719 1624 luerat
736 1560 887 1624 sacrificis
910 1560 1041 1623 curibus*
1055 1606 1186 1624 .....

323 1667 402 1729 Nota
423 1667 479 1728 tibi
499 1669 612 1748 potius,
636 1686 725 1748 quam
749 1667 862 1730 Tullius
887 1675 917 1732 et
937 1656 1021 1732 Maro
1042 1670 1142 1732 nostri
1156 1676 1192 1747 ¹).

281 1775 437 1849 Quaenam
461 1776 546 1853 luit,
568 1777 700 1839 diversis
730 1777 898 1857 aetatibus,
921 1757 1139 1859 professorum
1153 1778 1296 1842 merces?

281 1882 413 1965 Vigente
436 1885 535 1948 adbuc
555 1885 652 1950 libera
668 1885 832 1972 'republica
854 1893 884 1950 et
896 1887 1001 1968 primis
1021 1888 1077 1951 sub
1099 1887 1297 1967 Imperatori-

199 1991 267 2072 bus,
289 1993 370 2056 nulla
392 1995 599 2076 grammaticis
622 2002 653 2058 et
672 1996 847 2065 rhetoribus
867 1996 986 2076 publico
1007 1995 1118 2059 salaria
1140 1995 1315 2078 assignata*

201 2101 333 2165 luerunt.
379 2103 408 2166 A
440 2103 597 2185 discipulis
624 2105 673 2166 vel
706 2089 924 2184 discipulorum
953 2103 1128 2185 parentibus
1157 2110 1208 2166 aut
1241 2121 1299 2166 co-

202 2213 303 2294 gnatis
330 2229 444 2292 operae
466 2213 595 2293 pretium
616 2211 707 2276 valde
728 2213 845 2276 varium
862 2201 1062 2294 accipiebant.
1106 2211 1213 2275 Nullae
1233 2217 1295 2274 tum

198 2323 329 2402 pecunia
349 2322 470 2403 publica
498 2325 680 2387 constitutae
701 2322 838 2408 scholae.
881 2324 1016 2404 Quisque
1034 2322 1220 2401 doctorum,
1240 2338 1297 2402 pro

200 2437 388 2512 paupertate,
407 2431 457 2494 vel
478 2449 534 2512 pro
553 2433 752 2496 facultatibus
774 2437 825 2495 aut
846 2432 937 2511 lama,
962 2431 1022 2496 sibi
1043 2431 1235 2496 commodum
1258 2431 1297 2494 ad

201 2539 371 2603 docendum
391 2541 492 2604 locum
509 2541 651 2623 eligebat.
684 2541 768 2605 Multi
791 2542 823 2602 in
844 2543 998 2623 propriam
1016 2540 1138 2604 domurn
1153 2540 1202 2604 vel
1216 2557 1296 2602 oon-

202 2648 322 2712 ductam
345 2649 512 2730 discipulos
537 2650 775 2730 convocabant,
803 2669 908 2714 eorum
934 2652 1055 2732 quidam
1076 2652 1192 2714 maiore
1215 2650 1297 2718 lama

202 2773 292 2835 quam
309 2747 513 2821 emolumento
528 2759 691 2838 docebant,
713 2747 831 2837 ut'ille,
852 2761 908 2823 sub
931 2759 1042 2843 tegulis
1061 2759 1213 2838 babitans,
1238 2760 1300 2823 0r-

202 2863 292 2926 bilius
314 2865 444 2944 Pupillus
478 2883 584 2945 quem·
600 2868 759 2946 plaqosnm
780 2866 935 2930 Horatius.
953 2867 1085 2948 appellat
1112 2872 1142 2930 et
1172 2865 1210 2929 do
1234 2883 1293 2946 quo

200 2973 352 3036 Domitius
373 2974 514 3037 Marsus:
930 3053 932 3058 η

325 3082 357 3145 si
378 3099 455 3162 quos
479 3073 613 3146 Orbilius
637 3080 734 3145 ferula
756 3067 934 3162 scuticaque
956 3081 1078 3144 cecidit.
1173 3111 1186 3120 ’-

199 3191 234 3253 ln
253 3190 311 3252 bac
333 3209 430 3270 vero,
455 3191 596 3270 sibimet,
619 3192 663 3254 uti
683 3191 814 3269 videtur,
838 3191 963 3260 salutari
986 3191 1219 3269 exercitatione,
1242 3208 1299 3254 so-

199 3300 327 3382 briaque
349 3303 381 3364 in
402 3307 579 3383 paupertate
602 3303 701 3385 attigit
717 3319 812 3383 prope
824 3301 861 3363 cd
883 3304 1082 3366 centesimum
1105 3302 1214 3366 aetatis
1238 3282 1298 3366 ιιι-ὲ

199 3427 270 3476 num
282 3417 322 3492 ².)
344 3412 496 3476 luvenalis
513 3418 650 3493 tempore
664 3412 971 3478 rhetoresltomanos
994 3431 1115 3477 ararum
1137 3413 1297 3494 pecuniam

199 3523 321 3603 saepius
348 3523 508 3602 accepisse
530 3529 656 3603 apparet
691 3542 729 3586 ex
757 3528 821 3584 toto
853 3521 905 3585 illo
936 3523 1067 3587 classico
1096 3523 1167 3585 loco
1190 3522 1294 3604 Sotpr.

200 3630 264 3709 Vll,
289 3631 474 3694 too-att..
506 3629 666 3694 Exclamat
684 3632 778 3713 igitur
798 3634 909 3711 poeta·

325 3737 425 3801 Nosse
444 3737 540 3799 velint
562 3755 680 3815 omnes,
704 3738 879 3799 mercedem
901 3737 1023 3801 solvere
1044 3754 1152 3800 nemo.
1174 3783 1211 3801 ..

323 3846 474 3908 Poenituit
495 3846 604 3908 multos
629 3863 728 3909 vanae
752 3845 927 3930 sterilisque
948 3847 1122 3910 oatbedrae.
1238 3859 1241 3866 ·

257 4179 287 4247 ι)
309 4179 428 4245 repas.
445 4181 532 4242 xxp.
598 4171 600 4180 “
639 4149 642 4156 “

256 4283 288 4358 &j
308 4295 416 4345 Sueten.
434 4295 467 4346 de
481 4295 528 4346 lll.
550 4294 673 4347 lirum.
690 4308 717 4348 c.
734 4300 759 4347 9.
