3140 5076
636 273 887 348 -61—

213 467 272 526 tur.
317 462 391 527 Sine
413 462 568 543 instinctu,
593 461 708 544 absque
729 464 822 527 animi
845 465 957 544 impetu
972 463 1021 526 vel
1037 467 1238 544 persuasione
1252 482 1312 530 un-

214 573 315 652 tiquos
345 571 513 651 scriptores
543 572 674 634 imitatus
698 579 755 636 cst.
798 574 886 637 Nunc
923 572 1069 654 epistolas
1099 574 1223 655 scripsit
1253 576 1309 639 sub

216 680 384 743 celebrium
406 681 588 744 feminarum
609 684 751 760 nomine,
775 683 934 745 Ciceronis
956 683 1067 764 stylum
1090 683 1257 746 redderes
1291 723 1311 736 -

216 795 280 851 stra
306 796 493 870 conatus1);
517 791 601 854 cuius
625 790 783 866 scribendi
812 791 937 872 generis
961 791 1088 854 Ovidius
1109 792 1140 852 iu
1166 791 1311 854 Heroidi-

216 894 294 974 bas,
327 905 435 959 auctor
466 898 536 976 luit;
562 915 643 961 nunc
665 916 739 962 vero
768 899 889 981 Virgilii
918 904 1022 980 partes
1046 902 1216 981 assumpsit.
1260 901 1309 964 Ad

216 1011 370 1068 oratorum
400 1008 490 1070 etiam
522 1008 720 1088 complurium
750 1008 978 1072 similitudinem
1001 1009 1112 1072 eodem
1142 1010 1234 1074 modo
1260 1012 1309 1074 al·-

213 1113 346 1177 fectavit.
392 1115 464 1177 ldeo
488 1115 542 1178 lul.
556 1117 744 1196 Capitolinus
768 1117 807 1180 de
823 1118 957 1180 Titiano:
981 1120 1050 1198 „qai
1070 1120 1308 1200 provinciarum,

212 1221 275 1301 ait,
299 1223 396 1286 libros
418 1223 640 1304 pulcherrimos
660 1225 800 1304 scripsit,
829 1227 930 1306 etqui
955 1225 1054 1289 dictus
1075 1233 1122 1289 est
1144 1225 1239 1290 Simia
1260 1229 1310 1290 sai

211 1331 372 1408 temporis,
406 1331 487 1412 quod
509 1339 618 1395 cuncta
642 1333 774 1396 imitatus
802 1340 956 1410 esset2).“
1008 1332 1170 1397 Oratorem
1190 1336 1311 1399 simiam

212 1456 281 1501 eum
302 1446 508 1523 nuncupatum
538 1442 633 1505 luisse
663 1443 759 1504 refert
782 1441 930 1504 Sidonios.
946 1421 1138 1522 Apollinaris
1153 1448 1192 1522 ³).
1235 1442 1309 1508 lmi-

211 1554 344 1628 tatores,
364 1568 486 1614 servum
508 1569 623 1630 pecus,
646 1548 733 1634 digni
754 1552 942 1632 temporibus
967 1554 1114 1616 servitute
1137 1555 1306 1635 corruptis,

211 1657 254 1718 nil
280 1656 380 1734 virile,
404 1657 447 1719 nil
472 1677 554 1735 aare,
580 1658 622 1718 nil
644 1659 846 1738 impetuosum
866 1661 995 1740 babent,
1020 1669 1127 1724 carent
1146 1663 1256 1726 urentis
1275 1662 1307 1725 vi

216 1768 246 1824 et
267 1764 402 1844 pectoris
417 1764 570 1828 lacundia.
987 1841 992 1848 .

309 1874 377 1953 lpsa
398 1879 505 1936 natura
528 1874 687 1936 rerum-ite
710 1863 1006 1952 iubente,'maxima
1029 1877 1145 1940 rhetori
1166 1876 1232 1941 laus
1254 1880 1310 1941 luit

211 1981 343 2044 oratoris
365 1998 488 2059 nomen,
510 1982 578 2044 sive
598 1982 636 2044 ad
660 1983 805 2045 Isocratis
821 1983 977 2063 exemplar
997 1986 1195 2068 panegyricis
1218 1986 1306 2050 libris

208 2089 241 2151 in
263 2089 495 2154 Panathenaicis
517 2090 670 2154 numerari
694 2089 804 2168 vellet,
835 2091 902 2154 sive
924 2091 1034 2154 liberet
1059 2093 1145 2156 liatas
1167 2094 1307 2158 ludorum

211 2198 358 2262 evolvere
379 2198 449 2262 lites
461 2203 502 2278 l),
525 2200 592 2262 sive
614 2199 793 2278 advocatus,
816 2200 1023 2263 innocentiam
1043 2207 1093 2264 aut
1114 2202 1225 2265 civium
1241 2205 1308 2267 iura

210 2285 412 2390 defenderet,
448 2307 514 2370 sive
538 2315 699 2372 accusaret
720 2309 854 2372 iustitiae
884 2323 1014 2388 osores,
1041 2311 1179 2375 civilium
1201 2331 1303 2376 rerum

209 2434 382 2480 eversores.
435 2417 537 2481 Talem
567 2418 706 2480 videmus
728 2416 841 2480 Attium
872 2417 1010 2480 Tironem
1033 2418 1224 2498 Delphidiam
1254 2423 1304 2502 qui

207 2533 367 2608 postquam
391 2544 508 2592 omnes·
522 2528 660 2608 Gallias,
684 2545 776 2618 prosa
798 2512 968 2610 versuque,
994 2546 1051 2592 suo
1074 2529 1234 2594 illustravit
1256 2532 1308 2593 in-

207 2637 300 2716 genio
314 2641 352 2716 5),
377 2653 512 2718 eposque
534 2638 693 2702 metricum
709 2638 848 2710 sc'riberc
868 2639 1010 2718 suscepit,
1028 2638 1137 2702 claruit
1159 2640 1243 2703 domi
1258 2641 1308 2703 io-

206 2744 328 2823 risque,
354 2744 509 2808 celebrata
530 2747 617 2815 varie
640 2747 706 2809 eius
730 2746 915 2827 eloquentia.
948 2747 1204 2828 ,Abundantiam
1227 2751 1307 2813 Del-

207 2849 320 2928 phidii‘i
343 2851 460 2930 laudat,
483 2853 628 2918 Sidonius
650 2852 837 2932 Apollinaris
851 2855 892 2930 ὑ).
918 2855 1050 2920 ,Causas
1073 2857 1180 2920 dicens
1202 2858 1301 2919 vehe-

209 2958 322 3020 mentia
354 2976 411 3024 sua
436 2959 547 3021 multos
580 2958 717 3020 offendit.
760 2959 851 3022 Anno
870 2959 937 3023 *358
956 2963 1148 3042 Numerium,
1183 2964 1307 3028 Narbo-

210 3066 316 3130 nensis
337 3068 426 3148 paulo
446 3073 517 3130 ante
540 3074 705 3146 rectorem,
730 3084 833 3131 coram
853 3070 986 3133 Caesare
1008 3071 1125 3134 loliano
1150 3075 1308 3136 accusavit

208 3182 240 3238 ut
262 3177 369 3239 iurem.
406 3177 463 3251 Qui
486 3195 555 3242 oum
576 3177 756 3242 infitiatione
786 3179 970 3244 defenderet
989 3181 1129 3262 obiecta,
1152 3201 1209 3246 nec
1226 3201 1302 3264 pos-

249 3421 291 3486 ,1)
309 3421 402 3474 sama
422 3422 514 3491 mou.
532 3425 551 3476 t
569 3425 590 3475 r.
613 3390 656 3489 ἐρ.
677 3425 702 3476 1.

254 3519 292 3582 ii)
312 3520 344 3569 lu
359 3518 514 3572 Mamimina
533 3521 594 3572 Ian.
613 3520 702 3594 ο.11.“

260 3615 490 3680 fflhbmk

259 3707 290 3768 4)
310 3707 412 3758 Aaron.
432 3708 511 3772 Prof.
530 3711 552 3757 l.

258 3804 289 3864 o)
312 3801 421 3856 Heron.
440 3802 527 3866 Epist.
545 3803 583 3852 ad
601 3803 750 3854 Hedibiam.

260 3897 290 3962 6)
309 3897 369 3947 Lib.
386 3896 414 3947 V
431 3911 474 3962 ep.
490 3897 539 3964 10,
551 3899 596 3948 ubi
613 3900 647 3948 ad
659 3897 819 3962 Sapaudiam
836 3900 943 3950 scribit:
965 3901 1046 3966 „l'oa
1067 3901 1119 3949 tam
1141 3900 1227 3968 clara,
1248 3903 1302 3951 tam

303 3992 457 4054 spectabilis
473 3995 555 4042 dictio
573 3997 625 4062 est,
644 3995 673 4044 ut
690 3995 729 4044 illi
749 3996 845 4044 divisio
863 3993 1061 4062 Palaemonis,
1086 3999 1208 4064 graelum
1233 3998 1303 4048 eat-

302 4085 401 4154 lionis,
431 4089 595 4139 abuudantia
620 4088 791 4159 Delphidiei,
818 4089 947 4156 Aproecii
979 4091 1136 4159 disciplina,
1174 4094 1302 4144 fortitudo

302 4181 410 4251 Alcimi,
429 4182 555 4248 Adeipbii
571 4188 731 4254 teneritudo,
751 4189 828 4251 rigor
844 4185 951 4254 Mapni,
970 4187 1083 4238 dulcedo
1106 4188 1227 4258 Victorii,
1247 4202 1302 4241 non

302 4281 383 4330 modo
397 4292 452 4331 non
471 4284 623 4352 superiora,
641 4284 690 4334 sed
707 4285 753 4334 vix
770 4285 982 4348 aequiparabilia
998 4285 1180 4348 scribentum<
