3128 5070
736 261 981 332 ...95-

310 452 399 517 retici
422 469 528 516 omnes
562 459 670 516 contra
699 453 863 517 ecclesiam
896 452 1042 530 veniunt3
1078 451 1133 514 sod
1164 451 1233 513 dum
1255 449 1403 514 haeretici

310 579 415 626 omnes
439 562 627 626 seinvicem
650 563 791 641 vincunt,
814 562 889 624 nihii
911 569 1012 625 tamen
1034 562 1092 624 sibi
1115 562 1250 623 vincunt.
1296 560 1404 622 Victo-

308 672 354 735 ria
378 673 459 735 enim
483 690 606 751 eorum,
640 672 794 735 ecciesiae
817 671 983 752 triumphus
1015 692 1054 734 ex
1076 672 1215 733 omnibus
1239 677 1301 734 cst:
1333 670 1402 733 dum

308 781 340 843 in
363 799 400 844 eo
424 781 563 846 haeresis
586 788 694 844 eontra
717 781 841 845 atteram
863 788 987 863 pugnat,
1012 781 1092 862 quod
1115 781 1146 842 in
1160 780 1283 843 haeresi
1307 779 1403 842 attera

309 891 463 954 ecciesiae
485 891 562 953 fides
585 892 715 954 damnat.
758 890 839 953 Nihil
862 891 941 953 enim
966 897 1012 952 est
1035 891 1115 971 quod
1134 889 1300 953 haereticis
1315 906 1404 951 com-
1520 933 1521 944 ,

308 1017 398 1062 mune
420 1006 482 1062 est:
507 1006 536 1062 et
558 1001 636 1063 inter
650 1000 728 1063 haec
749 1001 838 1063 iidem
863 1005 997 1063 nostram
1019 1001 1090 1062 dum
1109 999 1168 1061 sibi
1188 999 1403 1075 adversantur,

307 1107 527 1189 affirmamus

404 1220 476 1282 Mox
504 1224 659 1281 tonantem
695 1218 802 1281 audire
831 1218 885 1280 tibi
919 1218 1035 1281 videris
1059 1217 1322 1296 Demosthenem,
1355 1224 1405 1280 aut

308 1329 422 1392 acriter
444 1329 640 1392 adversarios
663 1328 890 1409 impugnantem
915 1329 1080 1406 Mirabeau,
1105 1328 1153 1390 vet
1175 1327 1273 1389 civilis
1296 1327 1404 1388 socie-

307 1438 376 1501 tatis
411 1437 619 1500 dominatores
651 1438 838 1500 territantem
867 1436 1066 1513 Lemannus,
1107 1455 1196 1517 quum
1230 1442 1403 1517 tyrannum,

304 1548 437 1612 fidetium
459 1553 698 1628 persecutorem,
721 1548 823 1610 minax
845 1549 1046 1630 persequitur.
1087 1547 1292 1611 Vehementer
1314 1554 1344 1611 et
1368 1566 1407 1610 ex

305 1658 433 1739 abrupto
455 1657 562 1738 incipit
595 1663 702 1718 contra
726 1657 932 1719 Constantium
952 1658 1119 1738 depastum
1138 1656 1230 1736 tiber,
1256 1657 1404 1740 indigna-

304 1767 396 1830 tionis
419 1767 552 1848 ptenus,
585 1767 665 1847 quod
689 1768 714 1829 is
737 1769 879 1848 princeps
899 1768 949 1851 ‘ad
973 1767 1201 1849 propagandum
1233 1784 1289 1847 per
1309 1772 1404 1840 totam

264 1855 269 1866 ’
306 1877 473 1940 ecclesiam
495 1875 702 1939 Arianismum
725 1875 880 1938 blanditiis
903 1893 975 1939 usus
1003 1876 1102 1938 suerat
1124 1882 1154 1937 et
1176 1876 1264 1938 minis
1288 1883 1318 1938 et
1340 1878 1382 1938 vi.

406 1985 557 2066 „Tempus
581 1990 628 2046 est
650 1983 819 2065 loquendi,
850 1985 918 2066 quia
951 1986 1011 2047 iam
1033 1969 1191 2064 praeteriit
1212 1991 1331 2064 tempus
1354 1991 1405 2048 ta-

307 2094 408 2157 cendi⁴
453 2094 591 2157 Christus
611 2099 798 2174 expectetur,
819 2095 888 2175 quia
912 2095 1042 2156 obtinuit
1063 2094 1279 2156 Antichristus
1330 2095 1404 2158 Cla-

304 2209 386 2266 ment
407 2209 567 2283 pastores,
597 2203 666 2283 quia
696 2203 881 2265 mercenarii
907 2203 1061 2284 fugerunt.
1113 2203 1262 2266 Ponamus
1285 2203 1403 2266 animas

302 2329 357 2393 pro
382 2313 511 2390 ovibus,
536 2311 606 2391 quia
629 2310 711 2374 tures
734 2312 937 2389 introierunt,
968 2319 996 2375 et
1019 2313 1068 2374 leo
1091 2313 1234 2375 saeviens
1253 2313 1403 2374 circumit.

302 2421 352 2483 Ad
374 2422 552 2502 martyrium
573 2438 628 2500 per
650 2421 704 2483 has
727 2438 822 2482 voces
847 2439 1003 2499 exeamus,
1025 2421 1095 2501 quia
1118 2421 1246 2503 angelus
1270 2421 1402 2484 Satanae

303 2528 530 2610 transfiguravit
559 2547 593 2590 se
623 2529 654 2588 in
685 2529 826 2609 angelum
856 2529 968 2592 tucis.“
999 2570 1036 2578 -
1074 2511 1254 2591 ¹Constantii
1289 2529 1402 2592 deinde

301 2635 447 2717 perhdam
468 2636 499 2697 in
521 2635 705 2717 religionem
733 2636 923 2699 inimicitiam
944 2637 1108 2700 describit:
1149 2641 1214 2717 „At
1242 2657 1322 2701 nunc
1344 2657 1404 2718 pu-

302 2763 431 2828 gnamus
456 2752 561 2807 contra
583 2751 812 2826 persecutorem
835 2745 1007 2824 tabentem,
1039 2754 1145 2811 contra
1167 2749 1288 2810 hostem
1309 2747 1402 2810 bian-

303 2854 458 2934 dientem,
489 2862 596 2918 contra
632 2856 842 2919 Constantium
865 2857 1106 2936 antichristum,
1139 2859 1189 2938 qni
1217 2875 1279 2918 non
1309 2858 1402 2922 dorsa

303 2964 416 3044 caedit,
441 2965 496 3028 sed
520 2971 657 3029 ventrem
681 2965 781 3047 palpat
789 2988 798 3044 3
821 2985 882 3028 non
906 2968 1071 3047 proscribit
1094 2968 1258 3045 advitam,
1282 2965 1338 3030 sed
1352 2966 1403 3028 di-

302 3080 345 3136 tat
366 3074 397 3135 in
420 3080 565 3152 mortem3
595 3093 657 3137 non
678 3075 771 3137 trudit
798 3095 924 3139 carcerc
952 3078 990 3139 ad
1019 3077 1209 3156 libertatem,
1244 3076 1300 3139 sed
1324 3076 1402 3138 intra

301 3183 443 3262 palatium
470 3185 602 3247 honorat
630 3185 669 3247 ad
691 3186 867 3248 servitutem
876 3207 884 3262 ;
916 3203 977 3247 non
1004 3187 1098 3248 latera
1123 3192 1234 3263 vexat,
1269 3186 1323 3247 sed
1346 3204 1402 3248 cor

303 3297 448 3371 occupat3
472 3309 534 3354 non
558 3298 647 3372 caput
668 3293 773 3374 gtadio
798 3293 945 3370 desecat,
980 3293 1034 3354 sed
1058 3294 1187 3355 animam
1212 3311 1286 3355 auro
1311 3293 1400 3355 occi-

302 3399 365 3476 dit;
397 3417 458 3461 non
484 3400 572 3482 ignes
594 3401 714 3480 publice
734 3402 879 3479 minatur,
905 3402 960 3464 sed
986 3401 1157 3483 gehennam
1179 3401 1320 3482 privatim
1343 3419 1399 3462 ac-

302 3507 405 3571 cendit
413 3531 421 3586 3
441 3525 503 3571 non
527 3510 684 3571 contendit
707 3529 747 3572 ne
767 3511 927 3589 vincatur,
961 3511 1017 3573 sed
1041 3510 1180 3573 adulatur
1201 3517 1235 3571 ut
1257 3510 1399 3573 domine-

300 3626 357 3682 tur.
402 3618 554 3682 Ghristum
579 3619 759 3700 confitetur,
796 3627 828 3683 ut
859 3627 970 3703 neget3
1008 3621 1152 3683 unitatem
1172 3626 1334 3702 procurat,
1359 3637 1398 3681 ne

300 3748 360 3809 pax
380 3729 420 3790 sit
427 3750 436 3806 ;
469 3729 615 3793 haereses
641 3730 835 3811 comprimit,
859 3749 897 3793 ne
918 3731 1083 3793 Christiani
1106 3731 1166 3793 sint
1174 3752 1183 3808 ;
1219 3730 1398 3793 sacerdotes

300 3836 441 3917 honorat,
465 3857 503 3901 ne
526 3839 663 3920 episcopi
686 3839 761 3916 sint3
787 3839 940 3903 ecclesiae
959 3845 1040 3904 tecta
1055 3841 1153 3919 struit,
1176 3845 1208 3902 ut
1230 3839 1321 3903 hdem
1339 3839 1397 3901 de-

301 3952 432 4010 struat.“
475 3946 546 4009 Mox
585 3948 682 4028 ipsum
724 3948 941 4029 Imperatorem
984 3950 1181 4013 vehementer
1201 3948 1395 4029 alloquitur:

301 4053 483 4134 „Proclamo
508 4056 579 4134 tibi,
594 4053 781 4135 Constanti,
805 4058 886 4138 quod
910 4059 1026 4122 Neroni
1048 4059 1226 4140 loquuturus
1256 4058 1394 4135 inissem,

357 4291 386 4357 ι)
405 4291 439 4346 oe
459 4290 592 4344 saccae
612 4291 630 4342 r.
647 4291 710 4345 vu.
726 4281 796 4344 unt.
815 4294 892 4345 earn
915 4291 993 4364 rost,
1013 4309 1039 4359 p.
1060 4293 1120 4348 raa.
1154 4369 1158 4376 .
