3140 5076
714 227 962 299 ...78-

287 431 357 477 nem
374 421 503 494 prorsus
523 413 708 493 descivisse3
732 414 807 478 nihil
829 415 910 478 enim
932 421 995 494 est,
1026 413 1126 496 quod,
1160 415 1257 480 semel
1277 419 1381 496 spreta

286 523 477 604 simplicitate
507 528 538 588 et
567 525 741 608 elegantia,
783 525 913 589 celerius
947 531 1090 606 properet
1129 525 1167 588 ad
1194 525 1379 603 barbariem,

284 641 373 714 qua'm
394 634 519 716 tragico
538 641 569 698 et
589 635 686 717 lyrico
709 635 834 700 tumore
856 636 895 700 ad
917 635 1056 719 vulgaria
1081 641 1112 700 et
1132 653 1190 716 per
1211 653 1247 700 se
1277 635 1380 700 tenuia

282 741 430 806 translato
452 759 619 826 progressa
641 743 818 821 orati01).“

384 851 430 912 De
452 850 660 932 Panegyristis
681 857 766 920 recte
779 848 922 933 Belgicus
936 852 1081 932 scriptor:
1105 853 1163 932 „ln
1183 851 1381 934 quibuslicet

283 959 424 1041 equidem
457 977 520 1022 non
552 961 752 1043 negaverim,
794 961 942 1041 quosdam
970 961 1096 1048 ingenie
1130 978 1198 1024 non
1224 962 1381 1040 caruisse3

257 1067 369 1132 ¹brevi
392 1076 502 1148 tamen,
526 1075 559 1131 ut
580 1070 707 1152 egregie
730 1069 983 1151 wyttenbachius
1006 1077 1124 1150 monet,¹
1140 1071 1189 1134 vel
1212 1071 1379 1151 perfectis-

281 1179 389 1244 simum
411 1196 487 1260 opus
509 1179 570 1244 tale
595 1180 662 1258 fult,
683 1186 715 1242 ut
738 1180 936 1266 cumqmultas
954 1179 1076 1242 dicendi
1099 1180 1226 1244 virtutes
1245 1181 1378 1245 mirare-

279 1289 346 1368 ris,
371 1294 473 1352 tamen
493 1290 600 1356 nescio
634 1289 705 1370 quid
722 1290 914 1370 requireres.
967 1289 1034 1352 Hoc
1053 1290 1194 1352 nimirum
1217 1297 1284 1354 erat
1304 1288 1378 1352 illud

278 1396 428 1462 libertatis
451 1398 590 1478 bonum,
609 1416 680 1479 quo,
702 1397 796 1461 veluti
817 1399 942 1479 spiritu,
967 1399 1066 1461 oratio
1092 1399 1251 1478 animatur,
1275 1398 1377 1479 quod-

278 1523 337 1588 que
359 1507 386 1570 si
407 1507 495 1586 absit,
517 1489 659 1588 tanquam
682 1527 721 1570 ex
743 1507 863 1572 effoetis
884 1527 920 1570 ac
942 1508 1106 1580 debilitatis
1127 1507 1291 1585 lateribus,
1314 1525 1377 1569 non

277 1634 353 1682 sane
374 1633 527 1699 generosa
547 1634 630 1696 vox,
661 1617 716 1681 sed
746 1617 847 1683 inanis
866 1617 1048 1698 fractusque
1076 1633 1170 1680 sonus
1194 1616 1294 1678 editur
1310 1621 1374 1694 ²).“

277 1725 340 1805 ,Et
358 1725 480 1788 fuerunt
501 1725 568 1788 fere
589 1727 752 1804 rhetores,
771 1726 817 1789 ait
837 1717 1109 1806 Wyttenbaehius,
1141 1731 1230 1806 atque
1251 1725 1282 1786 in
1303 1723 1377 1788 Gal-

276 1833 339 1914 lia,
373 1851 452 1915 quae
481 1841 543 1897 tum
566 1834 758 1915 eloquentiae
781 1835 892 1898 studiis
913 1835 1062 1914 florebat,
1098 1836 1262 1898 oratoriam
1286 1835 1377 1898 facti-

276 1944 390 2008 tabant.
415 1991 422 2008 .
447 1991 453 2007 .
478 1991 485 2006 .
530 1945 597 2019 Quo
620 1944 941 2027 magisintelligitur,
972 1963 1063 2026 quum
1085 1963 1125 2009 ne
1146 1946 1282 2026 praemia
1305 1946 1375 2026 qui-

277 2053 346 2117 dem
368 2071 423 2118 sua
445 2054 638 2134 eloquentiae
659 2053 821 2138 defuerint,
843 2055 910 2135 plus
932 2055 971 2118 ad
994 2056 1060 2118 eius
1083 2054 1293 2118 detrimentum
1316 2071 1374 2117 va·-

276 2163 370 2228 luisse
405 2164 502 2227 seculi
533 2164 655 2243 labem,
688 2181 778 2245 quam
813 2165 866 2230 ad.
885 2165 993 2229 florem
1016 2165 1133 2246 reliqua
1170 2163 1272 2227 omnia
1313 2164 1372 2227 ad-

275 2259 377 2359 iuncta
400 2271 464 2351 ³).“

231 2460 233 2464 Ι
380 2382 529 2446 Oratores
551 2381 610 2462 ipsi
632 2381 845 2463 intelligebant
878 2381 1009 2444 naturali
1032 2381 1131 2464 gratia
1160 2389 1212 2445 aut
1233 2381 1372 2446 oratione

274 2491 371 2554 libere
392 2489 506 2554 tinente
525 2508 559 2553 so
580 2490 661 2570 baud
682 2491 777 2571 loqui,
795 2510 835 2554 ne
857 2491 932 2557 satis
956 2490 1079 2573 quidem
1092 2491 1207 2554 Latine.
1241 2492 1368 2572 „Neque

274 2599 355 2663 enim
376 2599 501 2682 ignoro,
523 2598 682 2663 confitetur
701 2601 837 2663 incertus
860 2606 968 2662 auctor
981 2599 1371 2681 Panegyrichoustontico

273 2708 349 2790 dap.
370 2707 441 2772 dicti
456 2711 486 2790 l)
519 2716 631 2790 quanto
663 2709 810 2773 inferiora
840 2711 900 2773 sint
930 2709 1056 2794 ingenia
1086 2715 1191 2775 nostra
1211 2708 1370 2776 Romanis.

273 2818 429 2900 Siquidem
451 2819 564 2883 Latine¹
579 2825 609 2882 et
631 2819 745 2883 diserte
766 2819 850 2901 loqui
873 2819 934 2883 illis
950 2821 1168 2903 ingeneratum
1188 2826 1259 2898 est,
1282 2819 1373 2882 uobis

272 2928 481 2992 elaboratum:
502 2935 544 3008 et,
561 2930 588 2992 si
608 2929 682 3010 quid
705 2929 784 2994 forte
808 2929 970 2994 commode
993 2929 1134 3009 dicimus,
1158 2947 1197 2993 ex
1215 2929 1268 2993 illo
1286 2928 1371 2992 fonte

272 3043 303 3102 et
326 3039 426 3119 capite
449 3038 613 3103 facundiae
631 3039 757 3104 imitatio
776 3046 882 3104 nostra
899 3039 1052 3103 derivaf.“
1094 3040 1166 3106 Mox
1186 3037 1320 3119 loquitur
1334 3037 1373 3098 de

272 3148 442 3226 „inchoato
462 3149 564 3228 potius
585 3149 697 3227 studio,
721 3167 809 3229 quam
834 3149 990 3212 erudito.“
1033 3149 1150 3214 Eodem
1180 3148 1246 3212 fere
1276 3163 1371 3212 sensu

272 3255 399 3318 tapam
422 3252 553 3318 Pacatus
575 3256 778 3342 Theodosium
800 3258 882 3340 Aug.
899 3258 946 3321 sio
968 3257 1131 3339 alloquitur
1141 3263 1187 3336 a),
1209 3258 1369 3338 „Huoao-

325 3504 356 3571 1)
377 3505 483 3572 opusc·
497 3505 576 3557 acad.
599 3497 647 3574 w,
666 3506 710 3558 10.

277 3631 279 3638 ’
323 3619 353 3689 2)
373 3619 436 3670 ,Van
459 3615 639 3686 emacem,
671 3619 710 3669 ila
739 3617 850 3670 diversa
871 3618 1038 3684 cloqucautae
1054 3610 1200 3669 flammae
1218 3612 1368 3666 amartittom

360 3713 454 3770 ¹littera
472 3713 573 3779 sepum.
600 3719 626 3765 et
649 3714 698 3764 sub
715 3714 859 3780 Imperatt.
886 3714 1120 3766 incommutatae.
1139 3710 1246 3764 manu
1264 3709 1369 3762 stadiae

369 3809 468 3862 omas
486 3809 605 3861 raama
623 3809 691 3876 aaa
706 3810 830 3876 aequm
848 3811 901 3860 vor.
919 3812 973 3877 ιιι,
1006 3808 1223 3872 Wpuammttos
1245 3809 1274 3858 m
1295 3803 1367 3859 nur.

372 3891 436 3957 tao.
456 3908 487 3956 r.
505 3907 539 3957 v.
559 3909 619 3958 sive
637 3907 699 3957 vor.
717 3908 753 3975 rr,
771 3909 801 3957 r.
821 3908 844 3976 r,
861 3921 887 3972 ρ.
905 3906 940 3958 ra
956 3909 984 3957 et
1001 3907 1044 3957 ra.

323 4018 521 4087 omnm

324 4134 355 4197 4)
375 4131 516 4198 Paucum.
538 4133 604 4183 Vctt.
621 4132 697 4203 vill,
718 4145 742 4184 c.
764 4132 789 4192 1,

256 4281 261 4296 .
322 4243 493 4316 optuitu,
512 4257 536 4297 e.
555 4245 581 4297 t.
