3140 5076
623 275 874 348 ...93-

201 461 341 526 terluerit
366 467 428 524 tum
458 463 538 526 inter
581 463 778 527 christianum
808 471 960 528 oratorem
992 469 1022 526 et
1052 469 1230 544 oratorem,
1268 467 1300 529 in

201 570 323 650 scriptis
344 570 468 649 saltem,
489 588 659 654 paganum,
681 572 851 635 diiudicare
873 571 980 634 liceret
1000 572 1059 635 nisi
1080 575 1233 653 temporis
1250 573 1301 636 in-

202 679 284 742 vidia
306 674 493 761 Ponepprico
518 681 688 761 Theodosii,
713 699 800 763 quem
824 682 965 744 Paulinus
988 681 1172 760 scripserat,
1194 699 1302 762 quem-

203 803 261 868 que
284 807 351 852 curn
374 790 504 853 Ausonii
526 791 716 872 Panegyrico
740 791 884 855 conterre
906 791 1128 871 potuissemus,
1156 809 1213 854 nos
1235 793 1302 871 pri-

202 899 345 962 vavisset.
392 901 429 963 D.
463 900 702 981 Hieronymus,
722 901 760 964 ad
791 901 945 964 Paulinum
971 900 1131 979 scribens,
1166 901 1197 964 id
1226 918 1301 982 opus

204 1026 390 1091 magnopere
411 1009 538 1075 laudat:
561 1012 707 1090 „librum
730 1017 821 1088 tuum,
846 1029 933 1091 quem
955 1027 1010 1090 pro
1022 1006 1197 1074 Theodosio
1214 1011 1303 1091 prin-

204 1118 271 1198 cipe
302 1119 467 1199 prudenter
499 1127 667 1201 ornateque
702 1121 901 1201 compositum
925 1120 1140 1197 transmisisti,
1172 1120 1303 1184 libenter

204 1227 286 1310 legi3
315 1234 346 1292 et
365 1229 529 1310 praecipue
551 1230 623 1292 mihi
648 1231 679 1291 in
700 1248 738 1293 eo
761 1229 932 1298 subdivisio
959 1229 1080 1310 placuit.
1145 1230 1303 1310 Quumque

202 1335 233 1397 in
254 1337 360 1418 primis
381 1339 517 1419 partibus
539 1340 646 1402 vincas
670 1339 766 1418 allos,
797 1340 828 1400 in
850 1338 1021 1420 penultimis
1044 1340 1171 1419 teipsum
1205 1355 1299 1419 supe-

203 1464 265 1510 ras.
309 1447 369 1511 Sed
394 1455 424 1512 et
454 1450 550 1530 ipsum
579 1449 821 1532 genuseloquii
851 1468 988 1530 pressum
1009 1455 1064 1512 ¹est
1093 1455 1123 1512 et
1157 1449 1300 1511 nitidum:

207 1561 238 1619 et
260 1574 350 1637 quum
373 1559 509 1622 Tulliana
539 1560 639 1622 luceat
661 1561 813 1640 puritate,
840 1561 980 1622 crebrum
1004 1559 1102 1622 estin
1135 1560 1303 1623 sententiis.

210 1665 295 1728 lacet
314 1667 393 1728 enim
407 1673 455 1743 (ut
469 1669 510 1730 ait
526 1666 663 1748 quidam)
680 1671 791 1747 oratio,
807 1668 911 1749 inqua
933 1674 1047 1730 tantum
1064 1668 1158 1732 verba
1175 1668 1306 1731 laudan·
1334 1735 1338 1742 ,

207 1780 265 1836 tur.
307 1775 467 1840 Praeterea
499 1795 610 1859 magna
641 1784 686 1842 est
718 1797 819 1840 rerum
844 1779 1079 1858 consequentia,
1117 1784 1146 1841 et
1163 1777 1305 1840 alterum

209 1883 322 1964 pendet
344 1905 382 1950 ex
402 1885 508 1948 alteru.
556 1886 710 1975 Quidquid
733 1888 924 1966 assumseris,
947 1886 996 1949 vel
1019 1887 1086 1949 hnis
1104 1887 1304 1966 superiorum,
1343 1957 1345 1966 y

207 1992 257 2054 vel
281 1994 396 2056 initium
418 1995 607 2075 sequentium
640 2003 724 2058 est..
751 2042 757 2056 .
784 2043 823 2058 ..
874 1997 973 2059 Macte
995 1995 1123 2074 virtute,
1158 1995 1208 2075 qui
1235 1995 1306 2058 talia

210 2103 306 2167 habes
329 2101 510 2185 rudimenta,
535 2106 632 2187 qualis
656 2106 840 2170 exercitatus
863 2105 950 2172 miles
971 2105 1032 2167 eris
1049 2104 1120 2182 ¹)l‘<

308 2215 342 2276 ln
365 2215 510 2278 cathedra
531 2215 711 2296 templorum
738 2214 972 2276 christianorum
991 2220 1140 2276 renovata
1163 2230 1213 2275 ars
1234 2229 1308 2275 ura·-

212 2325 307 2403 toria,
344 2341 410 2388 cum
443 2325 616 2392 scholarum
648 2324 801 2388 rhetorica
832 2332 861 2388 et
892 2325 1048 2388 rhetorum
1080 2323 1214 2387 artificiis
1247 2329 1309 2384 non

209 2435 329 2514 penitus
352 2434 514 2496 divortium
537 2436 620 2498 lecit.
673 2435 776 2498 Sancti
806 2435 864 2498 viri
888 2435 1031 2515 quidam,
1058 2435 1129 2497 olim
1154 2433 1307 2511 rhetores,

210 2543 359 2623 profanae
377 2544 451 2607 artis
476 2544 624 2606 doctrinis
653 2544 759 2606 imbuti
781 2543 952 2606 manebant.
995 2544 1020 2606 Ε
1047 2543 1182 2623 corrupti
1212 2541 1309 2605 seculi

211 2653 398 2734 scaturigine
421 2660 579 2716 manantes
603 2653 694 2717 rivuli
715 2672 821 2716 eorum
844 2654 1036 2733 eloquentiae
1059 2653 1182 2716 lluvium
1202 2651 1311 2714 turba-

210 2759 292 2822 bant.
334 2761 375 2823 ht
391 2761 461 2824 dum
483 2762 505 2822 ii
525 2763 677 2842 rhetores,
694 2770 759 2826 arte
775 2762 882 2842 puerili
904 2763 993 2843 capti,
1015 2763 1175 2826 sententiis
1192 2767 1223 2824 et
1238 2779 1311 2825 ver-

212 2867 260 2930 bis
281 2867 381 2930 adhuc
411 2867 574 2949 ludebant,
610 2872 685 2934 meri
716 2871 877 2933 christiani
898 2870 1045 2950 apostoli,
1070 2877 1176 2934 sancta
1202 2876 1232 2932 et
1257 2888 1311 2932 sa·

212 2977 302 3039 lutari
325 2977 453 3040 veritate
476 2980 616 3065 permoti,
642 2997 698 3059 pro
723 2980 821 3042 salute
844 2959 1011 3043 animarum
1027 2980 1148 3042 sortiter
1170 2997 1310 3061 pugnan-

213 3092 271 3166 tes,
294 3104 362 3148 cum
383 3087 538 3150 erroribus
554 3088 680 3150 etritiis
697 3067 807 3156 bellum
828 3095 1038 3168 susceperunt.
1082 3088 1245 3164 Audacter
1262 3087 1312 3150 lo-

214 3194 385 3277 quebantur
406 3196 585 3260 imminente
607 3197 890 3279 capiti-,tyrannidis
911 3196 1036 3278 gladi03
1066 3197 1185 3260 fortiter
1204 3197 1314 3277 loque·

211 3304 331 3384 bantur,
345 3306 482 3369 Numinis
498 3307 611 3370 auxilio
624 3308 694 3380 ¹sreti
702 3329 711 3386 ;
726 3305 967 3387 persuasibiliter
978 3306 1313 3387 loquebantur·,quippe

213 3415 363 3494 persuasi.
406 3415 539 3478 Caelesti
561 3416 675 3480 lumine
695 3423 812 3480 mentes
837 3416 1067 3494 illuminabant3
1090 3415 1236 3478 coelestia
1252 3413 1314 3476 lul·

214 3524 295 3588 mina
319 3525 350 3585 in
375 3542 480 3590 eorum
503 3526 641 3589 manibus
664 3527 838 3608 fulgebant3
867 3527 924 3589 Dei
946 3527 1095 3603 ministri,
1119 3525 1222 3588 divina
1246 3541 1313 3586 ma-

212 3630 322 3694 iestate
344 3631 545 3708 incedebant3
571 3634 760 3696 aeternitatis
785 3632 965 3714 prophetae,
988 3633 1198 3696 aeternitatem
1219 3631 1313 3694 mini—

214 3738 373 3817 tabantur,
408 3741 650 3830 promittebant,
689 3747 830 3805 aeternos
867 3743 985 3804 animos
1015 3739 1193 3819 terrebant,
1230 3738 1315 3802 sola-

217 3845 337 3910 bantur.
1203 3845 1208 3851 ’

257 3976 261 3984 ’
322 3957 402 4024 Dum
424 3964 486 4020 tota
509 3959 560 4022 illa
591 3959 747 4025 rhetorum
771 3959 932 4038 facundia,
964 3960 1003 4023 de
1024 3976 1082 4039 qua
1106 3958 1180 4022 satis
1203 3975 1313 4039 super-

269 4303 300 4370 1)
319 4301 406 4371 uase.
425 4307 470 4375 aa,
482 4307 523 4358 ad
540 4303 688 4361 raumara.
