3140 5076
616 267 861 354 ..,..

190 451 317 531 libertus,
340 471 380 517 ex
401 451 512 532 Gallia:
535 450 602 548 ipre
622 448 748 532 libello,
772 452 821 516 cui
844 457 891 518 est
910 451 1012 516 titulus
1032 450 1131 518 Dirae
1152 471 1209 520 seu
1231 452 1288 518 Irr-

154 553 157 559 ’
190 561 342 647 dipacatip,
363 563 529 645 ingenuum
551 579 586 624 se
602 568 704 634 natum
726 561 777 640 ait,
799 568 830 626 et
850 560 994 646 pupillum
1014 561 1164 645 relictum,
1188 583 1287 650 eoque

192 673 313 738 facilius
335 672 461 738 licentia
482 672 597 754 Syllani
619 671 765 753 temporis
786 677 924 735 exertum
940 672 1133 753 patrimonio.
1177 676 1289 740 Docuit

192 783 301 860 multos
327 788 357 844 et
377 782 519 862 nobiles,
550 783 693 866 visusque
714 787 761 845 est
780 780 965 862 peridoneus
985 789 1169 866 praeceptor
1189 786 1291 848 maxi-

192 911 240 956 me
255 892 293 955 ad
312 892 464 972 poeticam
476 891 690 972 tendentibus,
715 897 748 954 ut
769 890 891 972 quidem
911 909 1060 974 apparere
1082 893 1131 958 vel
1149 894 1197 960 his
1215 915 1290 960 ver-

192 999 298 1072 siculis
317 1006 434 1082 potest:

360 1111 434 1173 Cato
457 1103 691 1186 Grammaticus,
712 1110 817 1176 Latina
841 1111 940 1191 Siren,

360 1220 418 1296 Qui
442 1219 528 1284 solus
550 1220 627 1304 legit
649 1239 686 1284 ac
709 1220 783 1304 iacit
802 1223 920 1301 po'e'tas.

190 1349 318 1430 Scripsit
340 1354 463 1430 praeter
483 1348 701 1432 grammaticos
723 1346 845 1411 libellos
868 1349 959 1412 etiam
981 1352 1132 1430 poemata,
1157 1369 1196 1414 ex
1218 1349 1288 1431 qui-

191 1461 248 1524 bus
269 1460 436 1542 praecipue
455 1460 623 1542 probantur
635 1459 733 1541 Lydia
750 1465 781 1524 et
799 1459 913 1526 Diona.
957 1462 1072 1544 Lydiae
1085 1462 1190 1526 Ticida
1214 1481 1283 1526 me-

192 1570 291 1636 tuinit:

358 1681 453 1765 Lydia
477 1681 638 1744 doctorum
659 1681 789 1746 maxima
811 1699 885 1746 cura
906 1681 994 1745 liber.

192 1811 309 1874 Dianae
331 1809 445 1903 Cinna:

359 1915 489 1982 Saecula
508 1921 688 1996 permanent
708 1917 807 1980 nostri
828 1915 927 1980 Diana
947 1916 1083 1980 Catonis.

192 2039 274 2106 Vixit
295 2044 334 2106 ad
357 2047 522 2105 extremam
537 2047 702 2120 senectam,
717 2042 773 2104 scd
795 2044 826 2104 in
847 2060 964 2105 summa
983 2043 1139 2124 pauperie,
1162 2050 1193 2106 et
1210 2063 1289 2126 pene

193 2151 314 2233 inopia,
341 2150 461 2214 abditus
483 2149 607 2213 modico
628 2150 810 2234 gurgustio,
843 2157 1003 2231 postquam
1027 2151 1196 2238 lusculana
1218 2154 1289 2217 villa

193 2260 398 2326 creditoribus
421 2265 568 2323 cesserat.
608 2259 733 2342 Deque
759 2258 921 2323 Bibaculus
941 2265 1032 2342 potita
1056 2260 1136 2323 inter
1155 2261 1234 2325 alia:
1279 2289 1282 2294 ·

361 2387 485 2451 Catonis
509 2373 613 2466 modo,
640 2385 735 2465 Galle,
756 2386 957 2451 Tusculanam

358 2499 432 2563 Tota
454 2497 590 2561 creditor
609 2497 687 2584 urbe
711 2497 897 2560 ienditabat.

359 2608 458 2674 Mirati
477 2624 580 2671 sumus
601 2608 724 2670 unicum
745 2607 935 2690 magistrum,

358 2717 509 2781 Summum
531 2695 774 2800 grammaticum,
798 2717 941 2797 optimum
960 2719 1092 2803 poetam,

358 2823 472 2900 Omnes
495 2824 618 2888 solvere
640 2841 733 2905 posse
754 2815 962 2906 quaestiones,

358 2933 456 2995 Unum
475 2933 599 3010 difficile
623 2932 769 3014 expedire
790 2951 914 2997 nomen.

357 3044 408 3106 En
428 3059 484 3104 cor
506 3041 665 3122 Zenodoti,
690 3059 729 3103 en
747 3041 834 3104 iecur
854 3040 993 3104 Cratetis.

292 3169 418 3248 Catonis
439 3167 518 3234 iilius
537 3166 689 3246 Hermas,
727 3166 822 3248 patris
859 3166 991 3248 vestigia
1019 3171 1165 3246 secutus,
1199 3166 1289 3235 etiam

190 3278 307 3355 Romae
326 3278 432 3366 docuit
447 3280 482 3364 ¹).
495 3316 536 3326 -
557 3276 693 3345 Clodium
704 3273 893 3352 Quirinalem
904 3275 1072 3356 rhetorem,
1083 3277 1140 3354 sub
1154 3277 1289 3356 Tiberio,
1321 3321 1324 3326 -

192 3387 302 3454 Arelas
324 3387 397 3454 Urbi
422 3387 507 3452 dedit
527 3393 566 3465 2).

291 3496 478 3560 Auctoribus
525 3496 719 3562 Benedictini
755 3495 879 3560 Ordinis
920 3496 1058 3560 Patribus
1099 3496 1151 3576 qui
1183 3496 1291 3562 Gallo-

192 3607 341 3670 Franoiae
361 3606 526 3670 Historiam
548 3605 774 3685 litterariami)
811 3624 850 3671 ex
878 3606 1019 3670 omnibus
1049 3606 1184 3669 fontibus
1212 3624 1291 3668 con-

193 3716 402 3797 scripserunt,
433 3733 570 3800 quosque
591 3716 649 3792 bac
673 3716 833 3798 speciatim
853 3716 885 3777 in
907 3735 942 3780 re
964 3716 1082 3796 maiore
1104 3715 1164 3788 fide
1196 3721 1226 3779 et
1258 3715 1290 3777 in

193 3825 320 3906 patriam
342 3842 449 3888 amore
471 3843 560 3905 quam
581 3825 689 3889 critico
711 3825 825 3892 iudicio
848 3825 946 3896 secuti
967 3829 1037 3902 sunt
1057 3824 1196 3890 celebres
1213 3843 1290 3910 pro-

249 4105 279 4170 1)
298 4105 370 4156 &aet
390 4105 423 4156 de
442 4105 489 4156 itt.
513 4103 560 4157 (ir.
580 4105 621 4156 10.

244 4203 276 4267 2)
297 4202 331 4255 Ρ.
351 4201 486 4267 Paucae,
504 4204 531 4251 in
553 4199 677 4264 Quinctil.
697 4201 820 4252 vectam.
840 4216 865 4265 p.
884 4199 945 4252 414.

249 4295 522 4369 mmbkbw
