3140 5076
709 227 953 298 ...gq-

278 431 341 476 rem
366 419 437 476 tunc
461 412 584 476 dicendi
605 412 788 493 tacendique
810 413 979 477 libertatem
999 410 1160 494 ingeniosa
1175 410 1263 476 effert
1276 411 1377 476 laude.

273 503 381 602 ,Ouim
405 524 456 601 ait,
481 529 510 584 et
524 521 598 586 illud
619 541 668 584 me
681 523 798 614 impulit
817 523 855 602 ad
875 522 1052 602 dicendum,
1076 522 1159 603 quod
1181 528 1213 584 ut
1239 522 1377 585 dicerem

274 632 373 696 trullus
396 632 553 715 adigebat,
578 650 639 694 non
663 633 743 694 euim
767 633 827 694 iam
849 638 958 694 coacta
979 631 1133 710 laudatio,
1158 638 1377 712 etexpressae

273 748 356 805 metu
379 760 475 805 voces
505 742 674 822 periculum
697 741 811 804 silentii
844 740 1006 804 redimunt.
1049 741 1171 819 Fuerit,
1204 740 1376 822 abieritque

274 851 368 914 tristis
388 851 439 914 illa
462 850 625 914 facundiae
648 849 820 913 ancillantis
846 850 1035 929 necessitas,
1060 868 1151 931 quum
1174 856 1291 914 trucem
1314 851 1375 913 do-

272 960 397 1039 minum,
422 977 512 1024 auras
535 978 643 1024 omnes
666 961 824 1041 plausuum
849 959 1039 1040 publicorum
1063 966 1192 1022 ventosa
1215 960 1375 1042 populari-

272 1074 334 1132 tate
357 1075 545 1152 captantem,
578 1069 709 1138 mendax
737 1069 909 1133 adsentatio
934 1069 1098 1147 titillabat,
1136 1086 1227 1149 quum
1257 1070 1373 1152 gratias

275 1178 408 1260 agebant
429 1178 570 1244 dolentes
587 1184 617 1244 et
630 1185 791 1261 tyrannum
807 1197 870 1241 non
877 1179 1082 1260 praedicasse
1105 1178 1277 1260 tyrannidis
1293 1194 1371 1242 acu-

274 1288 353 1350 satio
375 1288 563 1352 vocabatur.-
617 1290 704 1353 Nunc
732 1309 788 1371 par
816 1289 939 1354 dicendi
963 1289 1145 1369 tacendique
1166 1289 1308 1368 libertas,
1343 1296 1374 1352 et

271 1415 361 1477 quam
381 1403 552 1478 promptum
583 1397 710 1460 laudare
742 1400 932 1480 principem,
966 1406 1025 1462 tam
1056 1404 1149 1461 tutum
1177 1398 1299 1462 siluisse
1332 1399 1372 1460 de

272 1506 421 1586 principe.
461 1506 548 1569 Libet
578 1507 672 1589 igitur
705 1507 856 1571 redditam
888 1507 1073 1589 postliminio
1103 1508 1298 1571 securitatem
1320 1507 1372 1570 lo-

271 1615 393 1695 quendo
415 1617 561 1696 experiri,
585 1615 670 1696 libet,
695 1618 924 1702 inquom„quia
947 1620 1100 1684 nemiuem
1121 1619 1219 1701 magis
1242 1617 1370 1680 laudare

271 1726 486 1806 imperatorem
510 1726 610 1804 decet,
636 1743 724 1810 quam
747 1746 835 1808 quem
860 1729 960 1792 minus
982 1747 1113 1793 necesse
1135 1735 1250 1808 est¹).“

369 1835 453 1898 ldem
475 1841 628 1919 generosa
647 1843 678 1900 et
699 1837 855 1917 eloquenti
877 1838 1090 1920 indignatione
1118 1839 1150 1899 in
1172 1837 1369 1918 persecutio-

269 1964 324 2009 nes
345 1963 423 2026 quae
445 1932 609 2028 religionis
628 1964 720 2010 causa
735 1946 848 2009 liebant
863 1949 1025 2010 invehitur.
1049 1949 1159 2031 Agitur
1174 1946 1369 2010 delluebrc-

268 2055 327 2135 tia,
360 2055 513 2136 Delphidii
530 2057 708 2152 (rhetoris2)
730 2074 846 2136 uxore,
881 2075 960 2138 quae
982 2058 1131 2139 supplicio
1162 2056 1290 2134 affecta,
1327 2073 1367 2118 ex

268 2165 474 2228 Romanorum
497 2184 599 2244 nmre,
632 2159 713 2228 unco
737 2172 833 2230 tracta
857 2168 913 2231 luit
933 2186 989 2250 per
1013 2167 1186 2231 cumificem
1210 2172 1239 2229 et
1261 2167 1292 2227 in
1313 2165 1367 2227 'li-

268 2274 365 2336 berim
387 2275 534 2356 proiecta.
578 2275 642 2354 ,De
664 2276 800 2338 virorum
829 2277 977 2339 inertibus
1005 2276 1136 2357 loquar?
1168 2275 1287 2355 quaerit
1309 2274 1368 2338 Pa-

269 2388 378 2459 catus,
409 2399 500 2463 quum
523 2383 705 2463 descensum
726 2383 877 2447 recorder
900 2385 938 2447 ad
961 2386 1142 2466 sanguinem
1166 2386 1366 2462 feminarum,

269 2498 298 2553 et
320 2492 351 2552 in
372 2509 497 2569 sexum,
528 2493 578 2553 oui
599 2491 679 2555 bella
700 2499 847 2572 parcunt,
880 2494 911 2555 in
933 2510 1009 2574 pace
1030 2495 1189 2560 saevitum.
1233 2496 1293 2561 Sed
1316 2496 1367 2558 ni-

268 2601 375 2663 mirum
403 2618 514 2682 graves
546 2601 690 2664 suberant
721 2599 954 2683 invidiosaeque
984 2621 1112 2682 causae,
1149 2611 1181 2666 ut
1212 2623 1294 2668 unco
1327 2605 1364 2668 ad

267 2727 397 2791 poenam
420 2710 495 2772 clari
516 2710 594 2774 vatis
618 2717 757 2774 matrona
778 2717 947 2791 raperetur.
964 2743 967 2760 ι
983 2711 1192 2777 Obiiciebatur
1214 2716 1294 2778 enim
1317 2721 1367 2777 at·-

268 2838 326 2901 que
349 2822 438 2884 etiam
464 2819 707 2901 exprobrabatur
729 2821 849 2883 mulieri
869 2821 981 2884 viduae
1004 2822 1097 2884 nimia
1128 2823 1241 2910 religio
1266 2830 1296 2887 et
1317 2823 1367 2886 di-

267 2929 411 3012 ligentius
434 2930 514 2992 culta
537 2930 689 2996 divinitas.
734 2931 813 3005 Quid
843 2931 904 2992 boc
928 2931 1029 2998 maius
1062 2939 1182 3013 poterat
1203 2932 1366 2995 intendere

268 3039 430 3130 accusator
452 3039 629 3102 sacerdos?
652 3040 706 3103 luit
728 3040 828 3117 enim,
852 3039 909 3102 luit
931 3047 960 3102 et
982 3040 1041 3116 boc
1064 3041 1232 3105 delatorum
1254 3059 1366 3122 genus,

268 3147 319 3226 qui
342 3148 515 3211 nominibus
536 3150 697 3227 antistites,
718 3167 753 3211 re
775 3168 849 3212 vera
870 3154 970 3211 autem
990 3150 1147 3228 satellites,
1172 3155 1262 3228 atque
1284 3151 1365 3214 adeo

268 3255 450 3334 camilrees,
474 3274 536 3318 uon
562 3258 698 3318 contenti
720 3257 850 3320 miseros
874 3258 962 3321 avitis
986 3257 1139 3321 evolvisse
1160 3257 1363 3336 patrimoniis,

268 3362 529 3425 calumniabantur
550 3364 580 3424 in
602 3366 794 3448 sanguinem,
818 3373 850 3428 et
869 3368 948 3430 vitas
969 3364 1148 3447 premebant
1160 3380 1283 3426 reorum
1303 3365 1365 3428 iam

266 3490 441 3552 pauperum.
478 3473 551 3553 quin
574 3474 682 3552 etiam,
707 3492 796 3556 quum
819 3475 941 3540 iudiciis
964 3474 1141 3556 capitalibus
1164 3473 1364 3555 adstitissent,

267 3601 357 3665 quum
379 3583 510 3665 gemitus
534 3590 564 3647 et
596 3591 747 3649 tormenta
775 3587 956 3648 miserorum
978 3587 1101 3649 auribus
1135 3604 1171 3648 ac
1200 3585 1365 3648 luminibus

267 3693 463 3772 hausissent,
494 3711 584 3775 quum
606 3685 747 3758 lictorum
779 3713 883 3772 arma,
919 3712 1009 3775 quum
1038 3696 1247 3758 damnatorum
1279 3694 1379 3772 frena„

279 3878 431 3888 ---—.
452 3879 557 3888 --..-

320 3977 335 4027 1
371 3989 405 4026 ca
423 4011 430 4027 .
449 3979 475 4028 2.

318 3983 350 4139 2}
371 3991 459 4134 suffire
476 4072 626 4123 128-181.
646 4073 687 4123 De
702 4073 849 4124 Eucbrotin
865 4077 977 4137 eiusque
997 4075 1053 4125 fllia
1071 4075 1197 4141 Procula,
1217 4071 1365 4126 Priscillia-

368 4167 498 4218 nlstarum
508 4169 610 4220 'sectae
628 4167 750 4237 addictis,
769 4168 899 4234 legendus
912 4167 1020 4228 Visetur
1038 4169 1066 4221 tn
1078 4170 1180 4223 Aaron.
1193 4168 1316 4236 Proteos.
1328 4169 1364 4239 V,

364 4263 398 4314 od
416 4275 489 4318 vers.
507 4261 554 4316 ult.
629 4269 632 4274 '
