3140 5076
648 307 895 382 ...99-

225 498 344 563 Artium
366 503 561 564 monumenta
581 497 701 564 urbium
733 497 831 562 ruinis
860 500 968 564 obruta
989 505 1080 579 sunt,
1114 493 1234 564 litterae
1262 513 1321 560 ne-

225 607 366 689 glectae,
400 607 574 688 eloquentia
596 607 752 671 obmutuit.
804 606 955 671 libatores
989 607 1109 690 igitur,
1143 624 1202 672 nac
1223 605 1321 668 minus

225 716 430 798 grammatici,
454 736 472 779 a
495 717 622 797 pristina
643 716 743 799 gloria
765 716 1043 798 degeneraverunt.
1086 717 1229 781 Attamen
1251 714 1323 777 lde*

226 823 359 902 crebius,
372 823 488 904 Festus,
507 821 624 886 Nonius
644 822 819 902 Marcellus,
839 823 979 904 Servius,
1001 825 1114 906 aliique
1127 825 1242 890 Romae
1264 825 1324 887 do-

226 940 328 998 cteres
359 951 429 998 non¹
450 933 599 1016 ignobilia
635 934 759 997 nomina
791 934 990 1014 reliquerunt.
1049 936 1083 998 ln
1112 933 1239 1012 Galliis,
1272 933 1325 996 in-

225 1051 355 1127 gruente
369 1044 521 1121 barbarie,
542 1044 642 1108 studia
657 1044 864 1108 declinarunt:
885 1045 1115 1127 grammaticae,
1135 1043 1323 1121 rhetoricae,

224 1155 343 1234 ipsique
364 1154 501 1217 sermoni
517 1155 653 1219 Romano
673 1154 812 1234 apaucis
835 1159 949 1217 tantum
966 1152 1103 1218 melioris
1127 1159 1219 1216 notae
1242 1153 1325 1216 seri-

223 1263 361 1343 ptoribus
388 1263 534 1342 pristinus
556 1261 655 1325 honos
678 1261 875 1326 tribuebatur.
915 1262 961 1326 De
980 1267 1164 1332 senescente
1185 1261 1325 1348 doctrina

225 1377 402 1453 querentem
429 1370 587 1434 audiamus
620 1363 800 1433 Momentum
822 1369 1042 1450 Claudianum,
1075 1371 1155 1436 inter
1185 1374 1326 1434 oratores

224 1482 291 1544 eius
326 1479 423 1544 seculi
458 1479 612 1544 celebrem
624 1500 634 1558 ;
662 1479 741 1542 haec
773 1486 844 1544 sunt
874 1480 940 1544 eius
963 1481 1058 1545 verba
1081 1480 1113 1542 in
1137 1478 1265 1562 epistola
1286 1478 1325 1542 ad

225 1589 403 1669 Sapaudom
424 1588 597 1654 rhetorem:
628 1589 743 1668 ,Unum
770 1587 843 1652 illud
870 1588 977 1669 procul
1009 1588 1152 1672 ambiguo
1178 1587 1323 1668 dixerim,

226 1706 334 1764 nostre
357 1698 465 1764 seculo
488 1716 551 1760 non
573 1697 699 1781 ingenia
715 1699 836 1776 deesse,
858 1698 915 1762 sed
937 1698 1046 1762 studia.
1090 1699 1226 1773 Quorum
1247 1715 1326 1780 ego-

226 1816 288 1874 met
311 1809 479 1873 studiorum
503 1808 591 1890 quasi
619 1807 771 1890 quandam
793 1813 922 1871 mortem
947 1808 1040 1871 flebili
1064 1807 1146 1871 velut
1169 1806 1322 1888 epitaphio

221 1919 425 1996 tumularem,
458 1918 518 1981 nisi
541 1922 603 1982 tute
625 1916 734 1980 eadem
757 1917 925 1980 venerabili
946 1917 1152 1997 professione,
1177 1914 1324 1978 laudabili

224 2030 373 2107 solertia,
409 2027 475 2092 aeri
505 2027 654 2108 ingenio,
698 2025 870 2108 profluente
906 2027 1030 2108 eloquio
1061 2027 1322 2091 resuscitavisses.

225 2139 313 2214 Quod
336 2138 477 2227 equidem
498 2136 611 2200 bonum
632 2153 670 2200 eo
692 2136 901 2200 admirabilius
924 2143 971 2200 est
993 2137 1149 2217 mihique
1171 2137 1324 2217 despera-

225 2249 283 2310 tius
307 2247 372 2312 foit.
415 2247 514 2310 Video
538 2243 619 2332 enim
642 2262 678 2309 os
699 2245 879 2325 Romanum,
901 2263 964 2311 non
987 2245 1079 2310 modo
1103 2244 1324 2329 negligentiae,

224 2356 280 2421 sed
301 2356 411 2438 pudori
435 2373 505 2420 esse
523 2353 689 2435 Romanis,
717 2356 948 2438 grammaticam
969 2355 1012 2417 uti
1035 2354 1188 2437 quandam
1211 2354 1326 2418 barba-

222 2482 289 2530 ram
309 2465 492 2530 barbarismi
514 2470 545 2530 et
564 2463 743 2528 soloecismi
764 2481 867 2546 pugno
899 2471 929 2529 et
951 2464 1038 2530 calce
1069 2464 1219 2546 propelli,
1252 2463 1324 2528 dia-

222 2575 365 2639 lecticem
406 2581 548 2656 tanquam
580 2572 771 2638 Amazonem
806 2575 913 2638 stricto
953 2573 1179 2638 decertaturam
1218 2573 1324 2656 gladio

223 2685 403 2762 formidari,
434 2684 622 2748 rhetoricam
659 2703 696 2748 ac
718 2685 745 2747 si
767 2684 917 2766 grandem
949 2685 1104 2749 dominnm
1130 2684 1163 2748 in
1192 2690 1322 2766 angrrsto

223 2811 286 2854 non
306 2792 415 2872 recipi,
437 2793 576 2856 musicen
598 2811 674 2856 vero
696 2799 726 2854 et
750 2794 953 2875 geometriam
975 2799 1065 2875 atque
1086 2791 1319 2872 arithmeticam,

222 2906 284 2964 tres
308 2901 394 2981 quasi
417 2899 532 2978 furias,
556 2899 684 2982 despui,
712 2901 873 2981 posthinc
898 2901 1122 2983 philosophiam
1150 2903 1193 2965 uti
1222 2899 1324 2984 quod-

222 3009 291 3073 dam
314 3009 484 3072 ominosum
516 3008 644 3072 bestiale
672 3010 858 3073 numerari.
883 3056 891 3072 .
916 3057 923 3072 .
947 3057 955 3071 .
979 3011 1057 3074 Hinc
1084 3028 1184 3090 vero,
1215 3013 1323 3092 procul

221 3117 331 3182 iniuria
356 3122 570 3196 caeterorum,
599 3133 695 3198 penes
719 3116 847 3182 Gelliam
869 3125 1004 3184 nostram
1025 3119 1231 3200 professionis
1250 3127 1321 3186 tuoe

219 3245 275 3309 par
296 3244 374 3292 unus
395 3232 425 3290 et
446 3226 530 3290 sotus
552 3243 585 3290 es
589 3272 723 3290 .....
747 3225 824 3290 lllud
846 3227 905 3293 iam
927 3228 958 3292 in
980 3227 1041 3294 tine
1065 3229 1220 3296 sermonis
1244 3247 1321 3311 per-

220 3355 308 3418 quam
331 3335 522 3402 familiariter
545 3353 674 3418 quaeso,
692 3343 726 3399 nt
747 3337 858 3418 spretis
880 3321 1064 3406 noiitiarum
1081 3339 1320 3406 ratiuncularum

220 3447 388 3530 puerilibus
410 3446 512 3531 nugis,
536 3447 649 3511 nultum
663 3445 839 3513 lectitandis
854 3447 902 3512 his
917 3453 1033 3530 tempus
1048 3448 1184 3516 insumas
1193 3471 1202 3528 ;
1227 3469 1322 3532 quas-

219 3558 288 3622 dam
308 3557 518 3621 resonantium
541 3557 804 3621 sermunculorum
826 3563 948 3621 taureas
964 3563 1076 3638 rotant,
1101 3566 1132 3622 et
1150 3561 1316 3638 oratoriam

219 3666 429 3730 fortitudinem
450 3665 664 3747 plaudentibus
687 3666 912 3730 concinnentiis
937 3668 1057 3731 evirant
1072 3674 1127 3745 ¹)ss

302 3774 388 3848 Quae
410 3790 478 3836 cum
500 3774 541 3838 ita
563 3781 677 3852 essent,
690 3781 813 3855 praeter
834 3781 943 3840 remei
960 3776 1145 3858 superfluum
1166 3777 1319 3842 videture

100 3897 102 3904 ·
218 3882 372 3947 barbariei
394 3882 530 3946 tenebris
554 3884 660 3948 nescio
685 3902 813 3966 quorum
835 3885 990 3950 rhetorum
1013 3887 1137 3954 nomina
1160 3895 1191 3952 et
1211 3906 1319 3970 gram-

218 3991 397 4056 maticorum
420 4009 539 4056 eruere.
583 3994 698 4057 Horum
726 4012 818 4058 unum
847 4000 961 4060 tantum
991 3996 1022 4059 in
1045 3996 1146 4060 lucem
1175 3998 1317 4078 proferre

269 4243 298 4306 1)
319 4241 405 4308 Epist.
423 4244 462 4294 ad
477 4246 546 4310 sap.
566 4249 592 4296 tn
603 4245 717 4298 Batomi
728 4244 930 4298 Miscellaneam
947 4244 1018 4299 titre
1037 4250 1114 4298 secto
1132 4247 1221 4299 briter.
1236 4243 1315 4314 1713,

315 4356 339 4405 p.
356 4343 505 4394 ditarit&
