<?xml version="1.0" encoding="UTF-8"?>
<!DOCTYPE html PUBLIC "-//W3C//DTD XHTML 1.0 Transitional//EN"
    "http://www.w3.org/TR/xhtml1/DTD/xhtml1-transitional.dtd">
<html xmlns="http://www.w3.org/1999/xhtml" xml:lang="en" lang="en">
 <head>
  <title>
</title>
<meta http-equiv="Content-Type" content="text/html;charset=utf-8" />
  <meta name='ocr-system' content='tesseract 3.04.00' />
  <meta name='ocr-capabilities' content='ocr_page ocr_carea ocr_par ocr_line ocrx_word'/>
</head>
<body>
  <div class='ocr_page' id='page_1' title='image "./degallorumorato00monngoog_0061.png"; bbox 0 0 3140 5076; ppageno 0'>
   <div class='ocr_carea' id='block_1_1' title="bbox 717 250 961 326">
    <p class='ocr_par' dir='ltr' id='par_1_1' title="bbox 717 250 961 326">
     <span class='ocr_line' id='line_1_1' title="bbox 717 250 961 326; baseline 0.012 -25"><span class='ocrx_word' id='word_1_1' title='bbox 717 250 864 326; x_wconf 59' lang='lat'><strong><em>..¹54</em></strong></span> <span class='ocrx_word' id='word_1_2' title='bbox 920 287 961 304; x_wconf 88' lang='lat'><strong>..</strong></span> 
     </span>
    </p>
   </div>
   <div class='ocr_carea' id='block_1_2' title="bbox 291 442 1393 1072">
    <p class='ocr_par' dir='ltr' id='par_1_2' title="bbox 291 442 1386 635">
     <span class='ocr_line' id='line_1_2' title="bbox 291 442 1386 529; baseline 0.006 -22"><span class='ocrx_word' id='word_1_3' title='bbox 291 442 449 525; x_wconf 80' lang='lat' dir='ltr'><strong>rescriptis</strong></span> <span class='ocrx_word' id='word_1_4' title='bbox 472 443 560 524; x_wconf 87' lang='lat' dir='ltr'><strong>suis,</strong></span> <span class='ocrx_word' id='word_1_5' title='bbox 596 445 750 508; x_wconf 81' lang='lat' dir='ltr'><strong>Romanas</strong></span> <span class='ocrx_word' id='word_1_6' title='bbox 780 447 945 528; x_wconf 77' lang='lat' dir='ltr'>praecipue</span> <span class='ocrx_word' id='word_1_7' title='bbox 978 453 1009 510; x_wconf 88' lang='lat' dir='ltr'><strong>et</strong></span> <span class='ocrx_word' id='word_1_8' title='bbox 1033 447 1386 529; x_wconf 82' lang='lat' dir='ltr'><strong>Constantinopolitanas</strong></span> 
     </span>
     <span class='ocr_line' id='line_1_3' title="bbox 293 552 975 635; baseline 0.003 -17"><span class='ocrx_word' id='word_1_9' title='bbox 293 552 416 618; x_wconf 83' lang='lat' dir='ltr'><strong>scholas</strong></span> <span class='ocrx_word' id='word_1_10' title='bbox 438 552 471 616; x_wconf 92' lang='lat' dir='ltr'><strong>in</strong></span> <span class='ocrx_word' id='word_1_11' title='bbox 494 554 592 617; x_wconf 88' lang='lat' dir='ltr'><strong>maius</strong></span> <span class='ocrx_word' id='word_1_12' title='bbox 613 553 726 618; x_wconf 80' lang='lat' dir='ltr'><strong>efferre</strong></span> <span class='ocrx_word' id='word_1_13' title='bbox 746 555 927 620; x_wconf 88' lang='lat' dir='ltr'><strong>studuerunt</strong></span> <span class='ocrx_word' id='word_1_14' title='bbox 940 563 975 635; x_wconf 87' lang='lat'><strong>¹).</strong></span> 
     </span>
    </p>

    <p class='ocr_par' dir='ltr' id='par_1_3' title="bbox 293 661 1393 1072">
     <span class='ocr_line' id='line_1_4' title="bbox 393 661 1391 746; baseline 0.007 -21"><span class='ocrx_word' id='word_1_15' title='bbox 393 661 550 743; x_wconf 83' lang='lat' dir='ltr'><strong>Omnibus,</strong></span> <span class='ocrx_word' id='word_1_16' title='bbox 576 682 650 746; x_wconf 87' lang='lat' dir='ltr'><strong>quas</strong></span> <span class='ocrx_word' id='word_1_17' title='bbox 673 667 930 746; x_wconf 79' lang='lat' dir='ltr'><strong>enumeravimus,</strong></span> <span class='ocrx_word' id='word_1_18' title='bbox 953 668 1054 731; x_wconf 87' lang='lat' dir='ltr'><strong>causis</strong></span> <span class='ocrx_word' id='word_1_19' title='bbox 1076 666 1190 729; x_wconf 90' lang='lat' dir='ltr'><strong>lactum</strong></span> <span class='ocrx_word' id='word_1_20' title='bbox 1211 673 1259 730; x_wconf 90' lang='lat' dir='ltr'><strong>est</strong></span> <span class='ocrx_word' id='word_1_21' title='bbox 1278 672 1312 730; x_wconf 87' lang='lat' dir='ltr'><strong>ut</strong></span> <span class='ocrx_word' id='word_1_22' title='bbox 1333 686 1391 732; x_wconf 91' lang='lat' dir='ltr'><strong>nu-</strong></span> 
     </span>
     <span class='ocr_line' id='line_1_5' title="bbox 294 773 1393 856; baseline 0.004 -20"><span class='ocrx_word' id='word_1_23' title='bbox 294 779 434 836; x_wconf 86' lang='lat' dir='ltr'><strong>sceretur</strong></span> <span class='ocrx_word' id='word_1_24' title='bbox 458 773 621 837; x_wconf 80' lang='lat' dir='ltr'><strong>aemulatio</strong></span> <span class='ocrx_word' id='word_1_25' title='bbox 645 791 723 856; x_wconf 80' lang='lat' dir='ltr'><strong>iprae</strong></span> <span class='ocrx_word' id='word_1_26' title='bbox 745 781 815 856; x_wconf 89' lang='lat' dir='ltr'><strong>post</strong></span> <span class='ocrx_word' id='word_1_27' title='bbox 837 774 954 840; x_wconf 84' lang='lat' dir='ltr'><strong>aridam</strong></span> <span class='ocrx_word' id='word_1_28' title='bbox 978 781 1108 840; x_wconf 90' lang='lat' dir='ltr'><strong>aetatem</strong></span> <span class='ocrx_word' id='word_1_29' title='bbox 1130 782 1244 840; x_wconf 89' lang='lat' dir='ltr'><strong>tantam</strong></span> <span class='ocrx_word' id='word_1_30' title='bbox 1264 777 1393 840; x_wconf 86' lang='lat' dir='ltr'><strong>uberta-</strong></span> 
     </span>
     <span class='ocr_line' id='line_1_6' title="bbox 293 881 1390 970; baseline 0.008 -27"><span class='ocrx_word' id='word_1_31' title='bbox 293 888 354 944; x_wconf 90' lang='lat' dir='ltr'><strong>tem</strong></span> <span class='ocrx_word' id='word_1_32' title='bbox 375 881 536 945; x_wconf 90' lang='lat' dir='ltr'><strong>doctorum</strong></span> <span class='ocrx_word' id='word_1_33' title='bbox 558 882 693 946; x_wconf 89' lang='lat' dir='ltr'><strong>virorum</strong></span> <span class='ocrx_word' id='word_1_34' title='bbox 726 885 845 965; x_wconf 78' lang='lat' dir='ltr'>peperit</span> <span class='ocrx_word' id='word_1_35' title='bbox 877 885 1002 950; x_wconf 89' lang='lat' dir='ltr'><strong>saeculo</strong></span> <span class='ocrx_word' id='word_1_36' title='bbox 1031 884 1080 947; x_wconf 76' lang='lat' dir='ltr'><strong>lv,</strong></span> <span class='ocrx_word' id='word_1_37' title='bbox 1113 891 1147 948; x_wconf 91' lang='lat' dir='ltr'><strong>ut</strong></span> <span class='ocrx_word' id='word_1_38' title='bbox 1178 885 1241 950; x_wconf 88' lang='lat' dir='ltr'><strong>Cel.</strong></span> <span class='ocrx_word' id='word_1_39' title='bbox 1270 887 1390 970; x_wconf 84' lang='lat' dir='ltr'><strong>lleynio</strong></span> 
     </span>
     <span class='ocr_line' id='line_1_7' title="bbox 294 991 703 1072; baseline 0 -18"><span class='ocrx_word' id='word_1_40' title='bbox 294 991 488 1056; x_wconf 77' lang='lat' dir='ltr'><strong>mirationem</strong></span> <span class='ocrx_word' id='word_1_41' title='bbox 509 998 649 1056; x_wconf 89' lang='lat' dir='ltr'><strong>moveret</strong></span> <span class='ocrx_word' id='word_1_42' title='bbox 663 998 703 1072; x_wconf 86' lang='lat'><strong>²).</strong></span> 
     </span>
    </p>
   </div>
   <div class='ocr_carea' id='block_1_3' title="bbox 592 1201 1084 1286">
    <p class='ocr_par' dir='ltr' id='par_1_4' title="bbox 592 1201 1084 1286">
     <span class='ocr_line' id='line_1_8' title="bbox 592 1201 1084 1286; baseline -0.01 -18"><span class='ocrx_word' id='word_1_43' title='bbox 592 1203 621 1286; x_wconf 87' lang='lat'><strong>§.</strong></span> <span class='ocrx_word' id='word_1_44' title='bbox 646 1211 696 1268; x_wconf 86' lang='lat'><strong>11.</strong></span> <span class='ocrx_word' id='word_1_45' title='bbox 740 1201 933 1268; x_wconf 78' lang='lat' dir='ltr'><strong>Studiorum</strong></span> <span class='ocrx_word' id='word_1_46' title='bbox 952 1218 1084 1286; x_wconf 84' lang='lat' dir='ltr'><strong>peneru.</strong></span> 
     </span>
    </p>
   </div>
   <div class='ocr_carea' id='block_1_4' title="bbox 295 1386 1396 2014">
    <p class='ocr_par' dir='ltr' id='par_1_5' title="bbox 295 1386 1396 2014">
     <span class='ocr_line' id='line_1_9' title="bbox 335 1386 1393 1470; baseline 0.003 -22"><span class='ocrx_word' id='word_1_47' title='bbox 335 1393 338 1398; x_wconf 86' lang='lat'>&#39;</span> <span class='ocrx_word' id='word_1_48' title='bbox 394 1387 428 1448; x_wconf 95' lang='lat' dir='ltr'><strong>ln</strong></span> <span class='ocrx_word' id='word_1_49' title='bbox 450 1387 680 1450; x_wconf 90' lang='lat' dir='ltr'><strong>Provinciarum</strong></span> <span class='ocrx_word' id='word_1_50' title='bbox 702 1386 869 1450; x_wconf 85' lang='lat' dir='ltr'><strong>academiis</strong></span> <span class='ocrx_word' id='word_1_51' title='bbox 891 1386 991 1450; x_wconf 91' lang='lat' dir='ltr'><strong>studia</strong></span> <span class='ocrx_word' id='word_1_52' title='bbox 1005 1387 1169 1468; x_wconf 91' lang='lat' dir='ltr'><strong>praecipua</strong></span> <span class='ocrx_word' id='word_1_53' title='bbox 1189 1387 1272 1450; x_wconf 90' lang='lat' dir='ltr'><strong>circa</strong></span> <span class='ocrx_word' id='word_1_54' title='bbox 1286 1405 1393 1470; x_wconf 69' lang='lat' dir='ltr'><strong>gram</strong></span> 
     </span>
     <span class='ocr_line' id='line_1_10' title="bbox 295 1477 1393 1573; baseline 0.002 -15"><span class='ocrx_word' id='word_1_55' title='bbox 295 1497 437 1560; x_wconf 88' lang='lat' dir='ltr'><strong>maticam</strong></span> <span class='ocrx_word' id='word_1_56' title='bbox 460 1501 492 1557; x_wconf 91' lang='lat' dir='ltr'><strong>et</strong></span> <span class='ocrx_word' id='word_1_57' title='bbox 512 1495 717 1573; x_wconf 86' lang='lat' dir='ltr'><strong>rhetoricam,</strong></span> <span class='ocrx_word' id='word_1_58' title='bbox 750 1495 818 1558; x_wconf 90' lang='lat' dir='ltr'><strong>sive</strong></span> <span class='ocrx_word' id='word_1_59' title='bbox 849 1512 910 1557; x_wconf 92' lang='lat' dir='ltr'><strong>unu</strong></span> <span class='ocrx_word' id='word_1_60' title='bbox 940 1477 1036 1559; x_wconf 79' lang='lat' dir='ltr'><strong>verbo</strong></span> <span class='ocrx_word' id='word_1_61' title='bbox 1072 1495 1190 1558; x_wconf 88' lang='lat' dir='ltr'><strong>litteras</strong></span> <span class='ocrx_word' id='word_1_62' title='bbox 1222 1486 1393 1560; x_wconf 84' lang='lat' dir='ltr'><strong>versaban-</strong></span> 
     </span>
     <span class='ocr_line' id='line_1_11' title="bbox 295 1603 1396 1686; baseline 0.002 -20"><span class='ocrx_word' id='word_1_63' title='bbox 295 1610 355 1666; x_wconf 88' lang='lat' dir='ltr'><strong>tur.</strong></span> <span class='ocrx_word' id='word_1_64' title='bbox 399 1605 454 1668; x_wconf 90' lang='lat' dir='ltr'><strong>His</strong></span> <span class='ocrx_word' id='word_1_65' title='bbox 487 1610 518 1666; x_wconf 93' lang='lat' dir='ltr'><strong>et</strong></span> <span class='ocrx_word' id='word_1_66' title='bbox 551 1604 745 1686; x_wconf 83' lang='lat' dir='ltr'><strong>philosophia</strong></span> <span class='ocrx_word' id='word_1_67' title='bbox 779 1605 963 1668; x_wconf 90' lang='lat' dir='ltr'><strong>constabant</strong></span> <span class='ocrx_word' id='word_1_68' title='bbox 993 1603 1097 1667; x_wconf 88' lang='lat' dir='ltr'><strong>studia</strong></span> <span class='ocrx_word' id='word_1_69' title='bbox 1132 1622 1211 1686; x_wconf 87' lang='lat' dir='ltr'><strong>quae</strong></span> <span class='ocrx_word' id='word_1_70' title='bbox 1237 1623 1302 1668; x_wconf 89' lang='lat' dir='ltr'><strong>nos</strong></span> <span class='ocrx_word' id='word_1_71' title='bbox 1334 1605 1396 1668; x_wconf 93' lang='lat' dir='ltr'><strong>ho-</strong></span> 
     </span>
     <span class='ocr_line' id='line_1_12' title="bbox 297 1712 1395 1802; baseline 0.001 -27"><span class='ocrx_word' id='word_1_72' title='bbox 297 1712 405 1777; x_wconf 91' lang='lat' dir='ltr'><strong>dierno</strong></span> <span class='ocrx_word' id='word_1_73' title='bbox 429 1730 573 1776; x_wconf 88' lang='lat' dir='ltr'><strong>sermone</strong></span> <span class='ocrx_word' id='word_1_74' title='bbox 594 1713 753 1794; x_wconf 85' lang='lat' dir='ltr'><strong>generalia</strong></span> <span class='ocrx_word' id='word_1_75' title='bbox 774 1730 931 1777; x_wconf 88' lang='lat' dir='ltr'><strong>vocamus.</strong></span> <span class='ocrx_word' id='word_1_76' title='bbox 977 1712 1052 1775; x_wconf 91' lang='lat' dir='ltr'><strong>ldeo</strong></span> <span class='ocrx_word' id='word_1_77' title='bbox 1078 1730 1169 1802; x_wconf 87' lang='lat' dir='ltr'><strong>quum</strong></span> <span class='ocrx_word' id='word_1_78' title='bbox 1192 1713 1271 1794; x_wconf 90' lang='lat' dir='ltr'><strong>apud</strong></span> <span class='ocrx_word' id='word_1_79' title='bbox 1293 1714 1395 1776; x_wconf 92' lang='lat' dir='ltr'><strong>histo-</strong></span> 
     </span>
     <span class='ocr_line' id='line_1_13' title="bbox 296 1821 1393 1906; baseline 0.001 -22"><span class='ocrx_word' id='word_1_80' title='bbox 296 1821 381 1906; x_wconf 81' lang='lat' dir='ltr'><strong>ricos</strong></span> <span class='ocrx_word' id='word_1_81' title='bbox 405 1823 518 1884; x_wconf 91' lang='lat' dir='ltr'><strong>mentio</strong></span> <span class='ocrx_word' id='word_1_82' title='bbox 540 1822 573 1884; x_wconf 91' lang='lat' dir='ltr'><strong>lit</strong></span> <span class='ocrx_word' id='word_1_83' title='bbox 594 1823 810 1906; x_wconf 87' lang='lat' dir='ltr'><strong>magistrorum</strong></span> <span class='ocrx_word' id='word_1_84' title='bbox 833 1823 941 1904; x_wconf 91' lang='lat' dir='ltr'><strong>quibus</strong></span> <span class='ocrx_word' id='word_1_85' title='bbox 972 1822 1112 1886; x_wconf 88' lang='lat' dir='ltr'><strong>iuventus</strong></span> <span class='ocrx_word' id='word_1_86' title='bbox 1135 1823 1299 1887; x_wconf 91' lang='lat' dir='ltr'><strong>commissa</strong></span> <span class='ocrx_word' id='word_1_87' title='bbox 1321 1823 1393 1903; x_wconf 89' lang='lat' dir='ltr'><strong>luit,</strong></span> 
     </span>
     <span class='ocr_line' id='line_1_14' title="bbox 298 1919 1396 2014; baseline 0.003 -22"><span class='ocrx_word' id='word_1_88' title='bbox 298 1931 422 1994; x_wconf 91' lang='lat' dir='ltr'><strong>nonnisi</strong></span> <span class='ocrx_word' id='word_1_89' title='bbox 445 1931 647 2014; x_wconf 83' lang='lat' dir='ltr'><strong>grammatici,</strong></span> <span class='ocrx_word' id='word_1_90' title='bbox 665 1919 807 1994; x_wconf 84' lang='lat' dir='ltr'><strong>rhetores</strong></span> <span class='ocrx_word' id='word_1_91' title='bbox 827 1937 856 1994; x_wconf 88' lang='lat' dir='ltr'><strong>et</strong></span> <span class='ocrx_word' id='word_1_92' title='bbox 871 1931 1027 2012; x_wconf 86' lang='lat' dir='ltr'><strong>sophistae</strong></span> <span class='ocrx_word' id='word_1_93' title='bbox 1039 1931 1090 1994; x_wconf 87' lang='lat' dir='ltr'><strong>vel</strong></span> <span class='ocrx_word' id='word_1_94' title='bbox 1102 1919 1275 2012; x_wconf 88' lang='lat' dir='ltr'><strong>philosophi</strong></span> <span class='ocrx_word' id='word_1_95' title='bbox 1293 1933 1396 1995; x_wconf 88' lang='lat' dir='ltr'><strong>nomi-</strong></span> 
     </span>
    </p>
   </div>
   <div class='ocr_carea' id='block_1_5' title="bbox 297 2019 1557 2124">
    <p class='ocr_par' dir='ltr' id='par_1_6' title="bbox 297 2019 1557 2124">
     <span class='ocr_line' id='line_1_15' title="bbox 297 2019 1557 2124; baseline 0.002 -22"><span class='ocrx_word' id='word_1_96' title='bbox 297 2044 457 2122; x_wconf 69' lang='lat' dir='ltr'><strong>nanturip.</strong></span> <span class='ocrx_word' id='word_1_97' title='bbox 501 2042 535 2104; x_wconf 95' lang='lat' dir='ltr'><strong>ln</strong></span> <span class='ocrx_word' id='word_1_98' title='bbox 557 2027 595 2104; x_wconf 84' lang='lat' dir='ltr'><strong>iis</strong></span> <span class='ocrx_word' id='word_1_99' title='bbox 618 2056 695 2122; x_wconf 86' lang='lat' dir='ltr'><strong>quae</strong></span> <span class='ocrx_word' id='word_1_100' title='bbox 718 2037 758 2103; x_wconf 89' lang='lat' dir='ltr'><strong>de</strong></span> <span class='ocrx_word' id='word_1_101' title='bbox 779 2038 998 2104; x_wconf 89' lang='lat' dir='ltr'><strong>constitutione</strong></span> <span class='ocrx_word' id='word_1_102' title='bbox 1018 2041 1196 2124; x_wconf 85' lang='lat' dir='ltr'><strong>academica</strong></span> <span class='ocrx_word' id='word_1_103' title='bbox 1211 2041 1395 2122; x_wconf 90' lang='lat' dir='ltr'><strong>provinciali</strong></span> <span class='ocrx_word' id='word_1_104' title='bbox 1505 2099 1509 2111; x_wconf 85' lang='grc'>,</span> <span class='ocrx_word' id='word_1_105' title='bbox 1556 2019 1557 2026; x_wconf 24' lang='lat'>¹</span> 
     </span>
    </p>
   </div>
   <div class='ocr_carea' id='block_1_6' title="bbox 296 2150 1394 2560">
    <p class='ocr_par' dir='ltr' id='par_1_7' title="bbox 296 2150 1394 2560">
     <span class='ocr_line' id='line_1_16' title="bbox 297 2150 1392 2234; baseline -0.001 -20"><span class='ocrx_word' id='word_1_106' title='bbox 297 2151 388 2234; x_wconf 85' lang='lat' dir='ltr'><strong>nobis</strong></span> <span class='ocrx_word' id='word_1_107' title='bbox 410 2152 520 2216; x_wconf 91' lang='lat' dir='ltr'><strong>tradita</strong></span> <span class='ocrx_word' id='word_1_108' title='bbox 544 2157 634 2232; x_wconf 81' lang='lat' dir='ltr'><strong>sunt,</strong></span> <span class='ocrx_word' id='word_1_109' title='bbox 657 2157 689 2214; x_wconf 94' lang='lat' dir='ltr'><strong>ut</strong></span> <span class='ocrx_word' id='word_1_110' title='bbox 709 2157 739 2215; x_wconf 90' lang='lat' dir='ltr'><strong>et</strong></span> <span class='ocrx_word' id='word_1_111' title='bbox 758 2151 790 2214; x_wconf 93' lang='lat' dir='ltr'><strong>in</strong></span> <span class='ocrx_word' id='word_1_112' title='bbox 811 2151 932 2234; x_wconf 81' lang='lat' dir='ltr'><strong>legibus</strong></span> <span class='ocrx_word' id='word_1_113' title='bbox 954 2150 1073 2215; x_wconf 91' lang='lat' dir='ltr'><strong>codicis</strong></span> <span class='ocrx_word' id='word_1_114' title='bbox 1095 2151 1318 2230; x_wconf 78' lang='lat' dir='ltr'><strong>Theodosiani,</strong></span> <span class='ocrx_word' id='word_1_115' title='bbox 1352 2151 1392 2214; x_wconf 92' lang='lat' dir='ltr'><strong>de</strong></span> 
     </span>
     <span class='ocr_line' id='line_1_17' title="bbox 296 2241 1392 2342; baseline 0 -18"><span class='ocrx_word' id='word_1_116' title='bbox 296 2261 470 2325; x_wconf 88' lang='lat' dir='ltr'><strong>rhetoribus</strong></span> <span class='ocrx_word' id='word_1_117' title='bbox 500 2260 709 2325; x_wconf 90' lang='lat' dir='ltr'><strong>tantummodo</strong></span> <span class='ocrx_word' id='word_1_118' title='bbox 732 2241 798 2324; x_wconf 80' lang='lat' dir='ltr'><strong>¹seu</strong></span> <span class='ocrx_word' id='word_1_119' title='bbox 833 2262 1025 2339; x_wconf 75' lang='lat' dir='ltr'><strong>oratoribuS,</strong></span> <span class='ocrx_word' id='word_1_120' title='bbox 1057 2267 1087 2324; x_wconf 90' lang='lat' dir='ltr'><strong>et</strong></span> <span class='ocrx_word' id='word_1_121' title='bbox 1116 2260 1155 2325; x_wconf 93' lang='lat' dir='ltr'><strong>de</strong></span> <span class='ocrx_word' id='word_1_122' title='bbox 1184 2259 1392 2342; x_wconf 80' lang='lat' dir='ltr'><strong>grammaticis</strong></span> 
     </span>
     <span class='ocr_line' id='line_1_18' title="bbox 297 2353 1394 2452; baseline 0.002 -20"><span class='ocrx_word' id='word_1_123' title='bbox 297 2369 418 2434; x_wconf 83' lang='lat' dir='ltr'><strong>Atticae</strong></span> <span class='ocrx_word' id='word_1_124' title='bbox 441 2375 471 2432; x_wconf 91' lang='lat' dir='ltr'><strong>et</strong></span> <span class='ocrx_word' id='word_1_125' title='bbox 491 2371 647 2434; x_wconf 86' lang='lat' dir='ltr'><strong>Romanae</strong></span> <span class='ocrx_word' id='word_1_126' title='bbox 670 2369 832 2433; x_wconf 87' lang='lat' dir='ltr'><strong>doctrinae</strong></span> <span class='ocrx_word' id='word_1_127' title='bbox 851 2387 954 2433; x_wconf 90' lang='lat' dir='ltr'><strong>sermo</strong></span> <span class='ocrx_word' id='word_1_128' title='bbox 974 2353 1038 2448; x_wconf 86' lang='lat' dir='ltr'><strong>est,</strong></span> <span class='ocrx_word' id='word_1_129' title='bbox 1063 2369 1150 2450; x_wconf 90' lang='lat' dir='ltr'><strong>quasi</strong></span> <span class='ocrx_word' id='word_1_130' title='bbox 1172 2369 1247 2433; x_wconf 90' lang='lat' dir='ltr'><strong>solis</strong></span> <span class='ocrx_word' id='word_1_131' title='bbox 1268 2369 1394 2452; x_wconf 89' lang='lat' dir='ltr'><strong>proies-</strong></span> 
     </span>
     <span class='ocr_line' id='line_1_19' title="bbox 298 2475 963 2560; baseline -0.002 -20"><span class='ocrx_word' id='word_1_132' title='bbox 298 2477 420 2557; x_wconf 76' lang='lat' dir='ltr'><strong>scribus</strong></span> <span class='ocrx_word' id='word_1_133' title='bbox 443 2478 475 2539; x_wconf 93' lang='lat' dir='ltr'><strong>in</strong></span> <span class='ocrx_word' id='word_1_134' title='bbox 497 2477 605 2556; x_wconf 85' lang='lat' dir='ltr'><strong>Gallia,</strong></span> <span class='ocrx_word' id='word_1_135' title='bbox 629 2477 775 2560; x_wconf 84' lang='lat' dir='ltr'><strong>Hispania</strong></span> <span class='ocrx_word' id='word_1_136' title='bbox 797 2483 827 2541; x_wconf 91' lang='lat' dir='ltr'><strong>et</strong></span> <span class='ocrx_word' id='word_1_137' title='bbox 845 2475 963 2540; x_wconf 79' lang='lat' dir='ltr'><strong>Africa.</strong></span> 
     </span>
    </p>
   </div>
   <div class='ocr_carea' id='block_1_7' title="bbox 293 2585 1397 3216">
    <p class='ocr_par' dir='ltr' id='par_1_8' title="bbox 293 2585 1397 3216">
     <span class='ocr_line' id='line_1_20' title="bbox 399 2585 1397 2668; baseline 0.001 -19"><span class='ocrx_word' id='word_1_138' title='bbox 399 2586 544 2668; x_wconf 84' lang='lat' dir='ltr'><strong>Exempla</strong></span> <span class='ocrx_word' id='word_1_139' title='bbox 566 2585 711 2650; x_wconf 91' lang='lat' dir='ltr'><strong>nonnulla</strong></span> <span class='ocrx_word' id='word_1_140' title='bbox 731 2587 1001 2668; x_wconf 83' lang='lat' dir='ltr'><strong>grammaticorum</strong></span> <span class='ocrx_word' id='word_1_141' title='bbox 1024 2592 1054 2648; x_wconf 90' lang='lat' dir='ltr'><strong>et</strong></span> <span class='ocrx_word' id='word_1_142' title='bbox 1074 2586 1247 2665; x_wconf 86' lang='lat' dir='ltr'><strong>rhetorum,</strong></span> <span class='ocrx_word' id='word_1_143' title='bbox 1270 2586 1397 2667; x_wconf 87' lang='lat' dir='ltr'><strong>potissi-</strong></span> 
     </span>
     <span class='ocr_line' id='line_1_21' title="bbox 299 2693 1394 2776; baseline 0 -19"><span class='ocrx_word' id='word_1_144' title='bbox 299 2712 380 2757; x_wconf 91' lang='lat' dir='ltr'><strong>mum</strong></span> <span class='ocrx_word' id='word_1_145' title='bbox 415 2712 455 2756; x_wconf 90' lang='lat' dir='ltr'><strong>ex</strong></span> <span class='ocrx_word' id='word_1_146' title='bbox 482 2693 613 2756; x_wconf 80' lang='lat' dir='ltr'><strong>Ausonii</strong></span> <span class='ocrx_word' id='word_1_147' title='bbox 637 2693 869 2776; x_wconf 74' lang='lat' dir='ltr'><strong>professoribus</strong></span> <span class='ocrx_word' id='word_1_148' title='bbox 904 2693 1173 2776; x_wconf 75' lang='lat' dir='ltr'><strong>Burdipoleusihus</strong></span> <span class='ocrx_word' id='word_1_149' title='bbox 1204 2694 1394 2775; x_wconf 89' lang='lat' dir='ltr'><strong>deprompta,</strong></span> 
     </span>
     <span class='ocr_line' id='line_1_22' title="bbox 296 2795 1396 2887; baseline -0.002 -20"><span class='ocrx_word' id='word_1_150' title='bbox 296 2795 349 2868; x_wconf 79' lang='lat' dir='ltr'><strong>&#39;res</strong></span> <span class='ocrx_word' id='word_1_151' title='bbox 370 2805 453 2887; x_wconf 90' lang='lat' dir='ltr'><strong>ipsas</strong></span> <span class='ocrx_word' id='word_1_152' title='bbox 476 2808 506 2866; x_wconf 90' lang='lat' dir='ltr'><strong>et</strong></span> <span class='ocrx_word' id='word_1_153' title='bbox 528 2803 664 2868; x_wconf 91' lang='lat' dir='ltr'><strong>instituta</strong></span> <span class='ocrx_word' id='word_1_154' title='bbox 685 2803 888 2869; x_wconf 88' lang='lat' dir='ltr'><strong>illustrabunt.</strong></span> <span class='ocrx_word' id='word_1_155' title='bbox 924 2804 1100 2868; x_wconf 82' lang='lat' dir='ltr'><strong>Tenendum</strong></span> <span class='ocrx_word' id='word_1_156' title='bbox 1113 2810 1216 2867; x_wconf 89' lang='lat' dir='ltr'><strong>tamen</strong></span> <span class='ocrx_word' id='word_1_157' title='bbox 1231 2802 1396 2867; x_wconf 84' lang='lat' dir='ltr'><strong>estAuso-</strong></span> 
     </span>
     <span class='ocr_line' id='line_1_23' title="bbox 297 2893 1395 3000; baseline -0.003 -23"><span class='ocrx_word' id='word_1_158' title='bbox 297 2915 382 2998; x_wconf 89' lang='lat' dir='ltr'><strong>nium</strong></span> <span class='ocrx_word' id='word_1_159' title='bbox 405 2915 533 2997; x_wconf 86' lang='lat' dir='ltr'><strong>eiusque</strong></span> <span class='ocrx_word' id='word_1_160' title='bbox 554 2893 624 2978; x_wconf 84' lang='lat' dir='ltr'><strong>aeri</strong></span> <span class='ocrx_word' id='word_1_161' title='bbox 645 2913 958 3000; x_wconf 84' lang='lat' dir='ltr'><strong>scriptoreslaudum</strong></span> <span class='ocrx_word' id='word_1_162' title='bbox 979 2932 1055 2997; x_wconf 82' lang='lat' dir='ltr'><strong>quas</strong></span> <span class='ocrx_word' id='word_1_163' title='bbox 1078 2913 1255 2978; x_wconf 84' lang='lat' dir='ltr'><strong>coaetaneis</strong></span> <span class='ocrx_word' id='word_1_164' title='bbox 1278 2913 1395 2994; x_wconf 86' lang='lat' dir='ltr'><strong>imper-</strong></span> 
     </span>
     <span class='ocr_line' id='line_1_24' title="bbox 299 3022 1395 3108; baseline -0.003 -21"><span class='ocrx_word' id='word_1_165' title='bbox 299 3024 377 3088; x_wconf 92' lang='lat' dir='ltr'><strong>tiunt</strong></span> <span class='ocrx_word' id='word_1_166' title='bbox 396 3025 520 3106; x_wconf 86' lang='lat' dir='ltr'><strong>minime</strong></span> <span class='ocrx_word' id='word_1_167' title='bbox 542 3041 655 3089; x_wconf 88' lang='lat' dir='ltr'><strong>avaros</strong></span> <span class='ocrx_word' id='word_1_168' title='bbox 677 3023 784 3089; x_wconf 86' lang='lat' dir='ltr'><strong>luisse.</strong></span> <span class='ocrx_word' id='word_1_169' title='bbox 827 3025 885 3105; x_wconf 80' lang='lat' dir='ltr'><strong>„ui</strong></span> <span class='ocrx_word' id='word_1_170' title='bbox 906 3024 958 3088; x_wconf 90' lang='lat' dir='ltr'><strong>tali</strong></span> <span class='ocrx_word' id='word_1_171' title='bbox 981 3024 1081 3108; x_wconf 82' lang='lat' dir='ltr'><strong>elegi,</strong></span> <span class='ocrx_word' id='word_1_172' title='bbox 1095 3023 1227 3104; x_wconf 83' lang='lat' dir='ltr'><strong>scripsit</strong></span> <span class='ocrx_word' id='word_1_173' title='bbox 1248 3022 1395 3085; x_wconf 82' lang='lat' dir='ltr'><strong>Tirabos-</strong></span> 
     </span>
     <span class='ocr_line' id='line_1_25' title="bbox 293 3113 1395 3216; baseline -0.005 -18"><span class='ocrx_word' id='word_1_174' title='bbox 293 3133 371 3214; x_wconf 89' lang='lat' dir='ltr'><strong>ehi,</strong></span> <span class='ocrx_word' id='word_1_175' title='bbox 401 3150 497 3198; x_wconf 89' lang='lat' dir='ltr'><strong>erano</strong></span> <span class='ocrx_word' id='word_1_176' title='bbox 510 3133 561 3216; x_wconf 83' lang='lat' dir='ltr'><strong>-gli</strong></span> <span class='ocrx_word' id='word_1_177' title='bbox 583 3113 719 3197; x_wconf 83' lang='lat' dir='ltr'><strong>scrittori</strong></span> <span class='ocrx_word' id='word_1_178' title='bbox 743 3134 775 3197; x_wconf 92' lang='lat' dir='ltr'><strong>di</strong></span> <span class='ocrx_word' id='word_1_179' title='bbox 799 3134 897 3216; x_wconf 87' lang='lat' dir='ltr'><strong>questi</strong></span> <span class='ocrx_word' id='word_1_180' title='bbox 920 3133 1013 3215; x_wconf 91' lang='lat' dir='ltr'><strong>tempi</strong></span> <span class='ocrx_word' id='word_1_181' title='bbox 1037 3133 1121 3197; x_wconf 90' lang='lat' dir='ltr'><strong>assai</strong></span> <span class='ocrx_word' id='word_1_182' title='bbox 1140 3129 1278 3210; x_wconf 85' lang='lat' dir='ltr'><strong>liberali,</strong></span> <span class='ocrx_word' id='word_1_183' title='bbox 1302 3148 1319 3193; x_wconf 92' lang='lat' dir='ltr'><strong>e</strong></span> <span class='ocrx_word' id='word_1_184' title='bbox 1341 3130 1395 3193; x_wconf 92' lang='lat' dir='ltr'><strong>noi</strong></span> 
     </span>
    </p>
   </div>
   <div class='ocr_carea' id='block_1_8' title="bbox 352 3425 1399 4246">
    <p class='ocr_par' dir='ltr' id='par_1_9' title="bbox 353 3425 1397 3877">
     <span class='ocr_line' id='line_1_26' title="bbox 353 3425 1393 3504; baseline -0.001 -28"><span class='ocrx_word' id='word_1_185' title='bbox 353 3425 384 3490; x_wconf 83' lang='grc'><strong>1)</strong></span> <span class='ocrx_word' id='word_1_186' title='bbox 401 3425 528 3478; x_wconf 68' lang='lat' dir='ltr'><strong>notanda</strong></span> <span class='ocrx_word' id='word_1_187' title='bbox 558 3427 646 3479; x_wconf 86' lang='lat' dir='ltr'><strong>otlter</strong></span> <span class='ocrx_word' id='word_1_188' title='bbox 671 3426 816 3504; x_wconf 66' lang='lat' dir='ltr'><strong>uhcodoslt</strong></span> <span class='ocrx_word' id='word_1_189' title='bbox 842 3428 879 3477; x_wconf 82' lang='lat' dir='ltr'><strong>m.</strong></span> <span class='ocrx_word' id='word_1_190' title='bbox 906 3425 1039 3494; x_wconf 83' lang='lat' dir='ltr'><strong>epistola,</strong></span> <span class='ocrx_word' id='word_1_191' title='bbox 1068 3426 1249 3492; x_wconf 55' lang='lat' dir='ltr'><strong>acuminum</strong></span> <span class='ocrx_word' id='word_1_192' title='bbox 1276 3425 1393 3476; x_wconf 75' lang='lat' dir='ltr'><strong>mimum</strong></span> 
     </span>
     <span class='ocr_line' id='line_1_27' title="bbox 399 3523 1396 3596; baseline 0.003 -24"><span class='ocrx_word' id='word_1_193' title='bbox 399 3524 515 3590; x_wconf 81' lang='lat' dir='ltr'><strong>spirans,</strong></span> <span class='ocrx_word' id='word_1_194' title='bbox 534 3524 569 3575; x_wconf 86' lang='lat' dir='ltr'><strong>ad</strong></span> <span class='ocrx_word' id='word_1_195' title='bbox 587 3524 754 3596; x_wconf 75' lang='lat' dir='ltr'><strong>Ameriam,</strong></span> <span class='ocrx_word' id='word_1_196' title='bbox 771 3525 976 3589; x_wconf 83' lang='lat' dir='ltr'><strong>praeceptorem</strong></span> <span class='ocrx_word' id='word_1_197' title='bbox 997 3535 1092 3592; x_wconf 84' lang='lat' dir='ltr'><strong>suum,</strong></span> <span class='ocrx_word' id='word_1_198' title='bbox 1118 3534 1197 3588; x_wconf 80' lang='lat' dir='ltr'><strong>quem</strong></span> <span class='ocrx_word' id='word_1_199' title='bbox 1214 3523 1396 3590; x_wconf 64' lang='lat' dir='ltr'><strong>‚parmeno</strong></span> 
     </span>
     <span class='ocr_line' id='line_1_28' title="bbox 398 3615 1397 3688; baseline 0.001 -20"><span class='ocrx_word' id='word_1_200' title='bbox 398 3618 513 3686; x_wconf 68' lang='lat' dir='ltr'><strong>salomi,</strong></span> <span class='ocrx_word' id='word_1_201' title='bbox 535 3618 696 3686; x_wconf 79' lang='lat' dir='ltr'><strong>„postetam</strong></span> <span class='ocrx_word' id='word_1_202' title='bbox 715 3628 765 3684; x_wconf 87' lang='lat' dir='ltr'><strong>pro</strong></span> <span class='ocrx_word' id='word_1_203' title='bbox 782 3619 861 3688; x_wconf 75' lang='lat' dir='ltr'><strong>ture,</strong></span> <span class='ocrx_word' id='word_1_204' title='bbox 878 3628 934 3668; x_wconf 84' lang='lat' dir='ltr'><strong>nou</strong></span> <span class='ocrx_word' id='word_1_205' title='bbox 952 3619 1058 3684; x_wconf 77' lang='lat' dir='ltr'><strong>quidem</strong></span> <span class='ocrx_word' id='word_1_206' title='bbox 1075 3619 1167 3686; x_wconf 68' lang='lat' dir='ltr'><strong>regio,</strong></span> <span class='ocrx_word' id='word_1_207' title='bbox 1184 3617 1234 3669; x_wconf 83' lang='lat' dir='ltr'><strong>sed</strong></span> <span class='ocrx_word' id='word_1_208' title='bbox 1250 3615 1322 3670; x_wconf 80' lang='lat' dir='ltr'><strong>ottus</strong></span> <span class='ocrx_word' id='word_1_209' title='bbox 1339 3617 1397 3682; x_wconf 83' lang='lat' dir='ltr'><strong>prt-</strong></span> 
     </span>
     <span class='ocr_line' id='line_1_29' title="bbox 399 3711 1396 3781; baseline -0.001 -17"><span class='ocrx_word' id='word_1_210' title='bbox 399 3717 480 3766; x_wconf 86' lang='lat' dir='ltr'><strong>vatae</strong></span> <span class='ocrx_word' id='word_1_211' title='bbox 499 3715 571 3766; x_wconf 87' lang='lat' dir='ltr'><strong>inter</strong></span> <span class='ocrx_word' id='word_1_212' title='bbox 587 3724 640 3764; x_wconf 85' lang='lat' dir='ltr'><strong>nos</strong></span> <span class='ocrx_word' id='word_1_213' title='bbox 660 3715 792 3781; x_wconf 81' lang='lat' dir='ltr'><strong>caritatis,</strong></span> <span class='ocrx_word' id='word_1_214' title='bbox 806 3725 841 3766; x_wconf 87' lang='lat' dir='ltr'><strong>ne</strong></span> <span class='ocrx_word' id='word_1_215' title='bbox 858 3713 979 3767; x_wconf 75' lang='lat' dir='ltr'><strong>naccon</strong></span> <span class='ocrx_word' id='word_1_216' title='bbox 989 3715 1209 3778; x_wconf 77' lang='lat' dir='ltr'><strong>prescriptorum</strong></span> <span class='ocrx_word' id='word_1_217' title='bbox 1226 3713 1334 3764; x_wconf 84' lang='lat' dir='ltr'><strong>tuorum</strong></span> <span class='ocrx_word' id='word_1_218' title='bbox 1351 3711 1396 3763; x_wconf 88' lang='lat' dir='ltr'><strong>le·</strong></span> 
     </span>
     <span class='ocr_line' id='line_1_30' title="bbox 402 3811 653 3877; baseline -0.008 -13"><span class='ocrx_word' id='word_1_219' title='bbox 402 3814 494 3864; x_wconf 76' lang='lat' dir='ltr'><strong>chone</strong></span> <span class='ocrx_word' id='word_1_220' title='bbox 510 3811 653 3877; x_wconf 66' lang='lat' dir='ltr'><strong>patiaris-i‘</strong></span> 
     </span>
    </p>

    <p class='ocr_par' dir='ltr' id='par_1_10' title="bbox 352 3903 1399 4246">
     <span class='ocr_line' id='line_1_31' title="bbox 352 3903 1397 3974; baseline -0.005 -15"><span class='ocrx_word' id='word_1_221' title='bbox 352 3907 382 3971; x_wconf 75' lang='lat' dir='ltr'><strong>a)</strong></span> <span class='ocrx_word' id='word_1_222' title='bbox 403 3906 526 3969; x_wconf 67' lang='lat' dir='ltr'><strong>Hermae</strong></span> <span class='ocrx_word' id='word_1_223' title='bbox 545 3907 644 3972; x_wconf 73' lang='lat' dir='ltr'><strong>opime.</strong></span> <span class='ocrx_word' id='word_1_224' title='bbox 661 3905 741 3958; x_wconf 82' lang='lat' dir='ltr'><strong>acad.</strong></span> <span class='ocrx_word' id='word_1_225' title='bbox 762 3906 811 3974; x_wconf 87' lang='lat' dir='ltr'><strong>Vl,</strong></span> <span class='ocrx_word' id='word_1_226' title='bbox 830 3907 865 3958; x_wconf 82' lang='lat' dir='ltr'><strong>a:</strong></span> <span class='ocrx_word' id='word_1_227' title='bbox 882 3906 998 3974; x_wconf 68' lang='lat' dir='ltr'><strong>„hicum</strong></span> <span class='ocrx_word' id='word_1_228' title='bbox 1018 3906 1127 3956; x_wconf 84' lang='lat' dir='ltr'><strong>omnino</strong></span> <span class='ocrx_word' id='word_1_229' title='bbox 1145 3905 1324 3970; x_wconf 68' lang='lat' dir='ltr'><strong>mulionem,</strong></span> <span class='ocrx_word' id='word_1_230' title='bbox 1336 3903 1397 3967; x_wconf 79' lang='lat' dir='ltr'><strong>quil·</strong></span> 
     </span>
     <span class='ocr_line' id='line_1_32' title="bbox 401 3991 1399 4070; baseline -0.003 -18"><span class='ocrx_word' id='word_1_231' title='bbox 401 4003 452 4052; x_wconf 83' lang='lat' dir='ltr'><strong>bus</strong></span> <span class='ocrx_word' id='word_1_232' title='bbox 470 4015 488 4052; x_wconf 81' lang='lat' dir='ltr'><strong>a</strong></span> <span class='ocrx_word' id='word_1_233' title='bbox 512 4005 602 4053; x_wconf 80' lang='lat' dir='ltr'><strong>causis</strong></span> <span class='ocrx_word' id='word_1_234' title='bbox 625 4004 774 4067; x_wconf 80' lang='lat' dir='ltr'><strong>protectum</strong></span> <span class='ocrx_word' id='word_1_235' title='bbox 791 4003 843 4070; x_wconf 81' lang='lat' dir='ltr'><strong>sit,</strong></span> <span class='ocrx_word' id='word_1_236' title='bbox 865 4007 894 4052; x_wconf 94' lang='lat' dir='ltr'><strong>ut</strong></span> <span class='ocrx_word' id='word_1_237' title='bbox 908 3991 1019 4052; x_wconf 70' lang='lat' dir='ltr'><strong>soeculo</strong></span> <span class='ocrx_word' id='word_1_238' title='bbox 1036 4000 1085 4066; x_wconf 64' lang='lat' dir='ltr'><strong>fito</strong></span> <span class='ocrx_word' id='word_1_239' title='bbox 1101 4002 1191 4051; x_wconf 85' lang='lat' dir='ltr'><strong>medlo</strong></span> <span class='ocrx_word' id='word_1_240' title='bbox 1208 4003 1328 4051; x_wconf 85' lang='lat' dir='ltr'><strong>virorum</strong></span> <span class='ocrx_word' id='word_1_241' title='bbox 1346 3999 1399 4049; x_wconf 90' lang='lat' dir='ltr'><strong>do-</strong></span> 
     </span>
     <span class='ocr_line' id='line_1_33' title="bbox 402 4095 1399 4165; baseline -0.002 -17"><span class='ocrx_word' id='word_1_242' title='bbox 402 4100 507 4149; x_wconf 83' lang='lat' dir='ltr'><strong>ctorum</strong></span> <span class='ocrx_word' id='word_1_243' title='bbox 525 4099 634 4150; x_wconf 71' lang='lat' dir='ltr'><strong>ubertas</strong></span> <span class='ocrx_word' id='word_1_244' title='bbox 654 4100 730 4149; x_wconf 69' lang='lat' dir='ltr'><strong>mnia</strong></span> <span class='ocrx_word' id='word_1_245' title='bbox 749 4099 895 4165; x_wconf 80' lang='lat' dir='ltr'><strong>existeret,</strong></span> <span class='ocrx_word' id='word_1_246' title='bbox 914 4109 974 4148; x_wconf 86' lang='lat' dir='ltr'><strong>oum</strong></span> <span class='ocrx_word' id='word_1_247' title='bbox 987 4097 1165 4149; x_wconf 75' lang='lat' dir='ltr'><strong>antecedente</strong></span> <span class='ocrx_word' id='word_1_248' title='bbox 1183 4097 1274 4156; x_wconf 77' lang='lat' dir='ltr'><strong>aetate</strong></span> <span class='ocrx_word' id='word_1_249' title='bbox 1290 4095 1399 4150; x_wconf 71' lang='lat' dir='ltr'><strong>utem</strong></span> 
     </span>
     <span class='ocr_line' id='line_1_34' title="bbox 403 4173 1262 4246; baseline -0.001 -3"><span class='ocrx_word' id='word_1_250' title='bbox 403 4195 462 4246; x_wconf 85' lang='lat' dir='ltr'><strong>lere</strong></span> <span class='ocrx_word' id='word_1_251' title='bbox 481 4195 622 4245; x_wconf 69' lang='lat' dir='ltr'><strong>exprome</strong></span> <span class='ocrx_word' id='word_1_252' title='bbox 640 4206 674 4244; x_wconf 86' lang='lat' dir='ltr'><strong>ac</strong></span> <span class='ocrx_word' id='word_1_253' title='bbox 693 4194 812 4244; x_wconf 74' lang='lat' dir='ltr'><strong>defuisse</strong></span> <span class='ocrx_word' id='word_1_254' title='bbox 832 4194 995 4244; x_wconf 74' lang='lat' dir='ltr'><strong>riderentur.</strong></span> <span class='ocrx_word' id='word_1_255' title='bbox 1013 4194 1105 4244; x_wconf 69' lang='lat' dir='ltr'><strong>cccco</strong></span> <span class='ocrx_word' id='word_1_256' title='bbox 1259 4173 1262 4178; x_wconf 41' lang='lat'><strong><em>¹</em></strong></span> 
     </span>
    </p>
   </div>
   <div class='ocr_carea' id='block_1_9' title="bbox 357 4285 1074 4358">
    <p class='ocr_par' dir='ltr' id='par_1_11' title="bbox 357 4285 1074 4358">
     <span class='ocr_line' id='line_1_35' title="bbox 357 4285 1074 4358; baseline -0.01 -14"><span class='ocrx_word' id='word_1_257' title='bbox 357 4294 389 4357; x_wconf 70' lang='lat' dir='ltr'><strong>a)</strong></span> <span class='ocrx_word' id='word_1_258' title='bbox 408 4290 439 4343; x_wconf 83' lang='lat' dir='ltr'><strong>ll.</strong></span> <span class='ocrx_word' id='word_1_259' title='bbox 455 4303 482 4358; x_wconf 76' lang='lat' dir='ltr'><strong>g.</strong></span> <span class='ocrx_word' id='word_1_260' title='bbox 499 4287 571 4342; x_wconf 79' lang='lat' dir='ltr'><strong>Aelii</strong></span> <span class='ocrx_word' id='word_1_261' title='bbox 587 4285 742 4356; x_wconf 71' lang='lat' dir='ltr'><strong>mmmidii</strong></span> <span class='ocrx_word' id='word_1_262' title='bbox 756 4285 838 4340; x_wconf 66' lang='lat' dir='ltr'><strong>mac.</strong></span> <span class='ocrx_word' id='word_1_263' title='bbox 858 4287 985 4340; x_wconf 61' lang='lat' dir='ltr'><strong>meras.</strong></span> <span class='ocrx_word' id='word_1_264' title='bbox 1004 4300 1029 4340; x_wconf 86' lang='lat' dir='ltr'><strong>c.</strong></span> <span class='ocrx_word' id='word_1_265' title='bbox 1048 4291 1074 4346; x_wconf 77' lang='lat' dir='ltr'><strong>t.</strong></span> 
     </span>
    </p>
   </div>
   <div class='ocr_carea' id='block_1_10' title="bbox 0 0 1587 5076">
    <p class='ocr_par' dir='ltr' id='par_1_12' title="bbox 0 0 1587 5076">
     <span class='ocr_line' id='line_1_36' title="bbox 0 0 1587 5076; baseline 0 0"><span class='ocrx_word' id='word_1_266' title='bbox 0 0 1587 5076; x_wconf 95' lang='lat' dir='ltr'><strong> </strong></span> 
     </span>
    </p>
   </div>
  </div>
 </body>
</html>
