3140 5076
719 287 965 366 ..34-

297 485 455 566 nobilium,
480 487 604 551 divitum
628 492 658 550 et
678 487 881 569 ingenuorum
902 486 953 566 qui
974 485 1006 547 in
1032 499 1159 548 numero
1185 489 1215 547 et
1235 483 1396 547 existima-

294 598 378 662 tione
399 597 478 679 apud
494 597 578 662 ciues
600 603 696 676 erant,
719 597 962 675 instituebantur,
985 613 1041 676 per
1054 587 1149 657 'totam
1169 594 1338 674 imperium,
1361 594 1394 656 in

296 705 401 770 Galliis
420 706 568 788 plurimae
590 707 734 770 fundatae
757 707 889 795 luerunt.
935 706 1002 781 Quo
1023 722 1099 768 vero
1129 704 1247 768 maiore
1273 703 1394 768 honore

292 816 472 880 fruebantur
493 815 658 895 rhetores,
692 833 729 878 eo
753 816 914 880 attentiore
943 815 1120 896 suspicione
1157 831 1212 878 eos
1241 813 1394 876 observa-

294 925 368 988 bant
389 927 591 1007 Imperatores
613 927 748 1007 pessimi.
794 925 930 1008 Caligula
954 925 1143 988 Carrinatem
1165 924 1339 988 Secundum
1361 923 1393 985 in
1473 909 1479 916 ⁴

297 1035 438 1132 exsilium
461 1036 542 1099 misit
560 1037 641 1118 quod
667 1041 775 1099 contra
797 1043 944 1118 tyrannos
965 1035 1241 1109 declarnaverat1).
1274 1033 1392 1096 Neroni

294 1144 489 1226 professores
511 1145 656 1226 suspecti,
681 1145 790 1226 quippe
806 1144 950 1223 illustres,
974 1143 1107 1224 ideoque
1122 1142 1231 1205 invisi:
1253 1142 1391 1223 „Vergi-

295 1255 378 1318 nium
398 1261 428 1318 et
448 1256 567 1334 Rufum,
591 1256 636 1318 ait·
655 1256 788 1335 Tacitus,
813 1254 963 1318 claritudo
987 1241 1120 1317 nominis
1142 1252 1265 1334 expulit.
1315 1252 1391 1316 Nam

293 1362 460 1446 Verginius
490 1365 590 1429 studia
623 1365 766 1428 iuvenum
800 1364 996 1446 eloquentia,
1031 1363 1188 1428 Musonius
1216 1361 1390 1443 praeceptis

296 1475 466 1556 sapientiae
497 1473 622 1538 fouebat
635 1481 694 1553 Ψ

355 1603 360 1608 ·
393 1584 558 1647 Rhetorum
581 1585 632 1666 qui
652 1583 794 1666 privatim
817 1590 868 1646 aut
888 1583 1010 1666 publice
1039 1583 1072 1645 in
1098 1582 1194 1646 Gallia
1218 1582 1390 1645 docuerunt

293 1691 449 1774 complura
470 1694 594 1756 nomina
616 1693 748 1776 legimus
771 1693 850 1774 apud
871 1694 1039 1774 scriptores
1063 1693 1214 1775 antiquos.
1260 1689 1388 1769 Apollo-

293 1801 389 1864 dorus
403 1801 617 1883 Perpamenus,
634 1821 651 1866 a
664 1821 724 1884 quo
735 1802 1013 1884 Apollodoreorum
1028 1808 1124 1881 secta,
1146 1801 1278 1883 Augusti
1296 1818 1389 1880 prae-

293 1919 410 1993 ceptor,
428 1911 466 1974 ob
483 1911 663 1975 veneficium
678 1901 837 1975 damnatus
850 1912 1005 1976 Massiliae
1021 1911 1173 1990 docuiti),
1197 1927 1310 1993 graeca
1325 1909 1388 1972 lin-

292 2039 354 2104 gua
370 2025 410 2100 l).
460 2019 616 2101 Pacatum,
637 2023 711 2086 Osci
734 2027 1047 2103 contemporaneum,
1077 2020 1231 2083 rhetorem
1253 2020 1285 2081 in
1312 2020 1389 2083 urbe

289 2129 424 2195 Massilia
437 2131 710 2196 memoratSeneca
723 2137 760 2210 ⁵).
798 2131 933 2194 Clodium
941 2129 1138 2207 Quirinalem,
1160 2129 1385 2206 arelatensem,

290 2243 342 2323 qui
366 2241 501 2304 creditur
521 2241 553 2302 in
575 2241 729 2305 Massiliae
751 2240 866 2303 scholis
899 2242 997 2320 primo
1034 2244 1171 2320 ternpore
1190 2239 1386 2312 rhetoricam

289 2351 449 2431 professus
485 2350 601 2428 luisse,
634 2348 771 2427 „Rornae
803 2349 1012 2430 insignissime
1035 2347 1217 2427 docuisse,“
1247 2347 1384 2411 secundo

291 2457 410 2523 Claudii
424 2459 513 2542 regni
528 2476 619 2538 anno,
643 2463 771 2520 testatur
786 2453 819 2518 B.
838 2457 1043 2540 Hieronymus
1057 2459 1096 2536 6).
1126 2457 1243 2521 Eodem
1257 2462 1335 2521 teste
1345 2461 1384 2536 ⁷),

290 2566 407 2632 Statius
430 2568 589 2646 surculus,
612 2567 793 2646 TolosanuS,
816 2566 948 2630 Neronis
971 2571 1120 2647 tempore,
1144 2566 1176 2627 in
1199 2565 1305 2630 Galliis
1328 2583 1385 2629 ce-

287 2676 469 2740 leberrimus
491 2677 597 2739 rhetor
618 2677 683 2739 suit.
727 2675 947 2744 sectuslulius
964 2675 1162 2754 Gabinianus,
1184 2677 1269 2739 cuius
1291 2676 1384 2739 vitam

289 2769 453 2852 Suetonius
476 2787 642 2866 scripserat
662 2785 694 2847 in
714 2791 801 2866 parte
823 2785 893 2848 libri
919 2785 957 2847 de
980 2783 1082 2876 Clanis
1104 2783 1285 2847 ditatoribus
1306 2802 1384 2865 quae

287 2897 420 2978 interiit,
445 2895 637 2960 celeberrimi
659 2894 792 2986 nominis
813 2896 921 2959 rhetor
941 2895 973 2957 in
996 2894 1094 2959 Callia
1116 2895 1240 2974 docuit,
1273 2893 1316 2956 uti
1335 2893 1385 2956 le-

338 3204 369 3268 1)
388 3203 698 3270 cenomannum
719 3202 811 3252 recen.
831 3203 889 3254 su.
909 3187 970 3268 vu,
986 3203 1137 3272 eoa-aon

337 3317 369 3384 a)
390 3313 492 3366 numa
510 3316 573 3383 xv,
591 3291 634 3366 ar.
664 3317 711 3366 oe
729 3313 862 3380 verginia
881 3317 990 3368 rhetore
1003 3289 1119 3376 'aunan
1139 3317 1229 3368 murra
1249 3317 1276 3366 n
1304 3314 1382 3368 roca.

384 3413 447 3462 vid.
468 3414 496 3463 et
514 3409 642 3462 Schmidt.

336 3527 368 3591 ³)
386 3526 480 3576 Sanco.
494 3527 531 3579 u.
549 3525 585 3593 ll,
605 3523 729 3576 Contine.
749 3525 792 3576 13.

335 3621 711 3706 necromanciae.
731 3641 779 3691 89:
807 3639 886 3707 „Nae
906 3639 1074 3692 Graecarum
1099 3639 1205 3705 quitatem
1226 3637 1382 3703 disciplina·

381 3738 563 3804 rumleviore
572 3737 661 3810 studio
681 3737 841 3787 tenebatur:
859 3738 886 3786 in
906 3737 1000 3800 quibus
1020 3739 1048 3787 et
1067 3739 1131 3800 ipsis
1149 3736 1305 3800 praestabat
1322 3736 1381 3785 lar-

382 3836 472 3901 giter,
489 3835 623 3904 magistro
639 3833 745 3882 dicendi
764 3843 829 3881 ursus
847 3831 1015 3894 Apollodoro
1034 3833 1212 3898 Pergameno,
1233 3843 1309 3894 quem
1328 3833 1381 3880 iam

381 3930 511 3992 mandem
527 3931 612 3994 natu,
638 3927 809 3992 Apolloniam
828 3939 933 3991 quoque
951 3940 1043 3978 secum
1064 3928 1098 3978 ab
1119 3928 1184 3978 rrrbe
1204 3928 1310 3978 iuventa
1330 3927 1381 3976 ad-

381 4022 434 4074 huc
454 4023 616 4076 eduxerat.<‘

333 4137 366 4203 a)
386 4135 511 4188 neuma.
528 4139 560 4191 a.
576 4137 603 4188 v
618 4113 736 4204 proaem.
759 4093 762 4098 ¹

333 4233 364 4296 6)
388 4231 488 4284 Maon.
508 4233 540 4284 11·
558 4233 596 4286 11.

329 4326 362 4396 a)
383 4327 452 4381 aaa.
