3140 5076
632 279 879 388 5⁷⁵·

214 475 392 539 bortanturt
415 480 445 538 ct
466 473 505 538 ad
520 473 753 538 'defendendam
776 489 899 538 causam
930 469 1056 535 admissi
1079 514 1087 530 .
1112 513 1119 530 .
1144 514 1151 529 .
1176 467 1311 550 suseepti

214 602 327 649 nomen
347 589 378 648 ct
398 585 459 648 vim
480 584 598 668 negotii
618 582 674 647 sub
699 601 755 646 ore
776 579 1001 663 disceptatoris,
1024 579 1104 643 inter
1126 578 1210 659 ipsos
1232 595 1311 642 con-

214 693 348 757 flictuum
372 693 517 757 articulos
551 695 755 771 instruuntur,
792 688 1117 755 circumlocutionibus
1147 687 1310 770 indigestis

215 803 256 865 ita
276 807 446 881 scatentes,
473 809 506 866 ut
525 802 708 865 colluvionis
731 800 905 864 teterrimae
932 798 1038 862 audire
1059 797 1217 860 existimes
1238 796 1310 859 ulu-

212 911 298 976 labili
321 912 456 977 olamore
475 912 647 975 Thersiten.
690 912 763 974 Cum
786 915 886 973 autem
910 909 948 972 ad
969 908 1103 989 inopiam
1125 904 1310 970 munienda·

141 1045 143 1050 ¹
211 1037 279 1084 rum
300 1023 443 1086 venerint
462 1020 699 1106 allegationum,
729 1021 768 1084 ad
801 1018 980 1084 effrenatam
1012 1017 1177 1082 deflectunt
1197 1015 1310 1080 corrui-

212 1131 314 1194 oiandi
335 1131 510 1195 licentiam:
546 1149 606 1212 quo
628 1132 773 1208 nomine,
806 1129 845 1191 ob
869 1127 999 1192 adsidua
1021 1127 1053 1188 in
1077 1143 1228 1210 personas
1248 1124 1309 1187 bo·

211 1241 366 1303 norabiles
386 1241 523 1320 probra,
553 1239 661 1302 diebus
692 1239 782 1302 dictis
816 1236 978 1318 aliquoties
1008 1241 1079 1298 sunt
1114 1234 1264 1300 damnati:
1290 1252 1309 1296 o

212 1349 321 1430 quibus
342 1349 384 1413 ita
405 1355 475 1412 sunt
497 1349 591 1413 rudes
613 1349 768 1427 nonnulli,
806 1354 839 1411 ut
864 1363 1017 1427 nummum
1045 1363 1082 1409 se
1101 1344 1228 1407 codices
1249 1343 1310 1406 ba-

213 1457 317 1521 buisse
339 1458 547 1535 meminerint3
570 1459 646 1521 etsi
666 1458 699 1522 in
721 1457 838 1521 circulo
856 1455 1016 1520 doctorum
1037 1453 1171 1519 auctoris
1192 1451 1308 1514 veteris

210 1563 355 1629 inciderit
376 1565 501 1646 nomen,
523 1566 644 1648 piscis,
661 1574 711 1631 aut
734 1565 828 1630 edulii
850 1567 1050 1649 peregrinum
1075 1581 1146 1628 esse
1168 1561 1308 1632 voeabu-

208 1675 270 1738 lum
305 1676 490 1739 arbitrantur
516 1721 523 1738 .
549 1722 556 1737 .
580 1723 617 1737 ..
646 1677 781 1757 Cumque
814 1677 894 1738 intra
927 1674 1136 1739 cancellorum
1164 1671 1308 1736 venerint

211 1792 307 1866 septa,
331 1791 362 1848 et
386 1786 438 1868 agi
458 1785 619 1866 coeperint
643 1785 772 1849 alicuius
796 1787 938 1849 fortunae
959 1784 1009 1848 vel
1030 1784 1125 1862 salus,
1147 1789 1237 1864 atque
1257 1781 1307 1844 la·

210 1894 316 1958 borari
349 1894 461 1958 debeat
485 1901 519 1956 ut
541 1895 578 1958 ab
611 1895 735 1958 insonte
757 1895 898 1978 gladius,
933 1893 983 1956 vel
1005 1893 1185 1958 calamitoso
1208 1891 1308 1954 detri-

210 2010 311 2069 menta
332 2004 493 2084 pellantur,
516 2004 691 2088 corrugatis
713 2003 785 2067 hinc
807 2011 848 2066 et·
862 2003 934 2066 inde
955 2003 1128 2081 frontibus,
1150 1999 1307 2064 brachiis-

212 2132 271 2197 que
293 2114 475 2177 histrionico
499 2119 588 2199 gestu
609 2115 759 2192 formatis,
781 2119 814 2175 ut
834 2113 1034 2177 concionaris
1054 2111 1187 2178 Gracchi
1205 2109 1306 2174 usum

209 2231 279 2306 post
300 2223 476 2306 occipitium
498 2222 594 2304 desit,
618 2224 796 2288 consistitur
817 2223 998 2287 altrinsecus
1015 2222 1090 2301 -diu,
1121 2219 1305 2306 tandemque

211 2353 250 2398 ex
270 2336 492 2416 praemeditato
513 2335 661 2412 colludio,
683 2353 740 2416 per
760 2351 830 2400 eum
852 2335 903 2416 qui
926 2334 1023 2397 estin
1046 2333 1140 2396 verba
1161 2329 1305 2396 fidentior

209 2463 304 2508 suave
324 2443 477 2527 quoddam
505 2446 687 2527 principium
710 2429 833 2508 dicendi
869 2444 1042 2528 exseritur,
1077 2460 1134 2524 pro
1154 2440 1307 2536 ,Cluentio

208 2555 258 2618 vel
276 2572 333 2635 pro
354 2555 552 2636 Ctesiphonte
572 2557 745 2620 orationum
766 2555 893 2619 aemula,
907 2560 1085 2619 ornamenta
1106 2553 1303 2634 promittens:

209 2669 239 2724 et
260 2663 291 2724 in
313 2681 379 2726 eam
406 2664 659 2744 conclusionem,
689 2666 806 2728 cunctis
826 2665 918 2728 finem
939 2663 1146 2745 cupientibus,
1179 2661 1303 2739 desinit,

207 2773 241 2830 ut
268 2769 403 2832 nondum
425 2788 460 2832 se
480 2773 623 2850 patroni,
659 2778 729 2852 post
753 2773 888 2852 speciem
917 2773 979 2835 litis
1003 2772 1168 2846 triennium
1190 2769 1303 2832 editam

209 2881 374 2940 causentur
395 2877 578 2940 instructos:
601 2879 760 2958 spatioque
781 2880 941 2963 prorogati
962 2880 1109 2961 temporis
1130 2879 1301 2960 impetrato,

208 2984 296 3066 quasi
318 3000 386 3052 cum
407 2983 527 3048 Antaeo
550 2991 656 3048 vetere
688 2975 865 3064 colluctati,
897 2991 1132 3067 perseveranter
1163 2985 1303 3069 flagitant

205 3093 340 3174 pulveris
359 3093 526 3174 periculosi
548 3093 710 3158 mercedes
722 3100 779 3172 ¹)ss

289 3203 418 3267 Romani
441 3201 563 3286 quidem
583 3202 644 3266 fori
663 3204 742 3267 haec
763 3210 811 3268 est
830 3203 925 3268 tristis
947 3205 1060 3288 imago.
1105 3204 1180 3281 Quis
1201 3210 1301 3270 autam

205 3312 322 3377 dubitet
344 3313 417 3395 quin
439 3313 494 3376 sub
517 3331 554 3377 ea
576 3315 675 3380 forma
694 3314 1027 3404 Gallicanumquoque
1049 3313 1150 3380 forum
1170 3315 1300 3398 agnosci

204 3421 327 3504 possit?
370 3422 530 3486 Multitudo
552 3424 583 3490 in
608 3423 1002 3506 Galliisiurisperitorum,
1034 3425 1206 3490 studiorum
1227 3424 1300 3490 rin-

207 3531 307 3595 oulum
330 3532 410 3595 inter
429 3532 568 3597 scholam
581 3535 748 3598 Romanam
770 3533 945 3599 etGallioas
968 3534 1104 3614 scholas,
1126 3533 1250 3616 imperii
1271 3540 1301 3598 et

200 3637 304 3720 legium
328 3642 513 3718 communio,
539 3641 694 3704 Gallorum
718 3642 842 3705 tandem
863 3649 893 3705 et
914 3642 1038 3708 dicendi
1064 3643 1154 3724 copia
1177 3649 1207 3704 et
1226 3661 1299 3712 sese

201 3744 369 3809 extollendi
403 3748 528 3810 ambitio
563 3749 676 3811 coniici
708 3735 814 3812 iubent
842 3750 923 3813 inter
953 3751 1057 3815 Gallos
1090 3757 1120 3814 et
1141 3751 1298 3838 Romanos

201 3855 377 3919 causidicos
398 3856 533 3919 intimam
549 3857 748 3921 intercessise
766 3858 907 3922 vitiorum
926 3859 1165 3924 similitudinem.
1207 3862 1296 3936 Quod

201 3964 337 4028 forensis
368 3965 532 4030 facundiae
559 3968 695 4046 speciem
718 3968 844 4046 attinet,
877 3968 908 4030 in
931 3968 1000 4032 foro
1025 3968 1161 4050 Gallico,
1194 3971 1238 4036 uti
1266 3973 1298 4039 in

201 4075 356 4153 Romano,
389 4075 582 4157 eloquentiae
612 4075 683 4139 loco
706 4076 940 4141 inveniebantur
960 4077 1136 4146 rhetoricae
1159 4080 1295 4146 artificia.

211 4232 458 4244 --—-—0—--··-
471 4237 489 4243 -ι

255 4319 286 4390 1)
305 4317 439 4387 Ammine.
460 4321 590 4376 Marcell.
608 4323 627 4374 l.
639 4323 727 4396 XXX,
748 4339 772 4378 a.
786 4325 900 4378 rf-to.
