3140 5076
641 273 889 346 ...pp-

216 463 417 530 classicorum
438 463 620 544 scriptorum
652 464 719 529 sive
741 464 928 547 antiquitatis
951 464 1019 528 sive
1040 465 1157 531 Galliae
1179 469 1314 535 admira-

215 580 274 654 tor,
296 593 392 656 purae
414 578 444 637 et
467 572 616 656 elegantis
638 573 805 638 litterariae
828 575 987 638 doctrinae
1010 575 1124 638 exstitit
1139 581 1241 640 custos
1260 580 1311 642 in-

218 702 276 765 que
311 683 450 746 omnibus
484 683 600 766 ingenii
632 684 799 763 provinciis
833 691 959 748 naturae
988 686 1147 762 sacerdos.
1195 688 1312 752 Seneca

215 811 311 873 vero,
348 793 450 857 multis
473 793 506 854 in
531 793 667 874 partibus
681 794 836 877 'neglecta
869 795 987 875 pulchri
1019 813 1125 874 norma
1154 794 1316 860 iuvenum-

216 918 275 982 que
317 907 433 966 mentes
473 902 589 984 argutis
633 909 663 966 et
707 901 921 984 effulgentibus
956 903 1116 982 sententiis
1152 904 1315 969 alliciendo

217 1017 309 1091 saepe
342 1016 372 1075 ct
404 1013 647 1092 corrumpendo,
685 1013 878 1094 semetipsum
909 1031 1058 1076 novarum
1097 1014 1316 1097 elegantiarum

218 1118 385 1200 exemplum
423 1122 590 1201 proposuit.
661 1121 797 1203 Egregia
833 1121 947 1183 iudicio
983 1122 1184 1196 Quintilianus
1218 1125 1318 1188 Sene·

216 1246 271 1290 cae
296 1234 327 1292 et
361 1228 468 1292 merita
504 1229 609 1292 laudat
646 1235 676 1293 et
718 1229 818 1293 dulcia
855 1230 928 1292 vitia
962 1209 1225 1311 qnibnsabnndat
1246 1251 1318 1296 car·
1365 1231 1368 1236 ’

215 1338 258 1418 pit
271 1344 306 1415 1).
349 1338 523 1418 „Potiores,
546 1339 604 1418 ait,
628 1339 679 1402 ille
703 1357 766 1402 non
788 1339 947 1403 destiterat
968 1339 1147 1420 incessere,
1174 1358 1242 1404 cum
1264 1342 1314 1404 di-

216 1446 299 1510 versi
319 1446 379 1511 sibi
401 1448 544 1512 conscius
566 1448 700 1530 generis,
714 1448 838 1528 placere
858 1467 893 1511 se
916 1449 948 1510 in
961 1448 1094 1512 dicendo
1118 1467 1221 1530 posse,
1245 1451 1316 1531 qui-

220 1555 276 1618 bus
315 1555 358 1620 illi
399 1555 556 1637 placerent
596 1557 785 1621 diffideret.“
847 1551 963 1620 Eodem
997 1558 1089 1621 modo
1124 1559 1313 1622 Suetonius:

220 1664 392 1744 „Neronem
425 1665 533 1728 avertit
577 1712 583 1726 .
624 1713 631 1726 .
673 1713 680 1728 .
727 1684 745 1729 a
781 1667 959 1748 cognitione
993 1672 1130 1730 veterum
1159 1675 1314 1732 oratorum

218 1772 337 1837 Seneca
367 1779 574 1854 praeceptor,
615 1791 675 1855 quo
712 1774 824 1860 diutius
860 1775 892 1836 in
918 1775 1129 1864 admiratione
1160 1777 1207 1838 sui
1230 1776 1313 1840 deti-

220 1885 309 1944 neret
325 1885 384 1957 ψ

302 1988 504 2070 complurium
519 1989 663 2070 opinione
672 1994 700 2069 3)
711 1997 884 2072 corruptum
898 1992 1090 2083 eloquentiae
1104 2011 1202 2074 genus
1214 2011 1318 2075 epro-

224 2098 344 2179 vinciis,
355 2099 499 2179 Hispania
513 2102 703 2181 praesertim,
713 2102 873 2164 emanavit.
894 2100 1114 2164 Atcontraest.
1138 2102 1319 2181 „Quisenim

220 2207 353 2290 ignorat,
377 2209 418 2271 ait
438 2207 568 2272 Messala
592 2209 623 2270 in
635 2209 764 2290 Dialago
788 2210 824 2271 de
848 2207 1041 2288 Oratoribus,
1062 2217 1093 2273 et
1116 2211 1319 2292 eloquentiam

218 2325 248 2382 et
279 2325 416 2383 caeteras
439 2324 520 2382 artes
551 2318 722 2382 descivisse
744 2320 781 2383 ab
803 2320 853 2382 illa
877 2309 983 2384 vetere
1005 2321 1104 2402 gloria
1127 2339 1190 2382 non
1214 2323 1317 2402 inopia

218 2428 390 2508 hominum,
421 2429 478 2492 sed
501 2428 620 2493 desidia
649 2430 813 2494 iuventutis
837 2438 867 2494 et
888 2431 1077 2514 negligentia
1100 2438 1257 2513 parentum
1289 2439 1319 2496 et

217 2538 339 2602 inscitia
378 2539 630 2619 praecipientium
664 2545 694 2602 ct
729 2540 884 2603 oblivione
917 2541 1012 2604 moris
1050 2542 1188 2622 antiqui?
1234 2542 1319 2617 Quae

217 2648 296 2711 mala
315 2647 443 2729 primum
466 2649 498 2709 in
521 2649 603 2712 Urbe
625 2654 713 2728 nala,
751 2668 822 2713 mox
851 2668 907 2731 per
933 2649 1049 2714 ltaliam
1078 2651 1167 2731 fusa,
1201 2651 1261 2714 iam
1288 2651 1319 2713 in

218 2756 404 2836 provincias
419 2762 543 2824 manant
562 2759 621 2832 ⁶²).ss
683 2757 818 2828 Tantum
834 2757 921 2822 abest
941 2765 975 2820 ut
1005 2760 1183 2838 provinciae
1204 2760 1321 2832 Roma-

221 2881 290 2926 nam
314 2864 517 2945 eloquentiam
541 2865 758 2946 corruperint,
780 2872 814 2926 ut
834 2867 934 2947 potius
956 2886 994 2929 ex
1015 2867 1161 2948 Hispania
1186 2867 1317 2946 oriundi,

225 2990 301 3054 quos
325 2973 547 3036 nominavimus
570 2973 711 3036 rhetores
736 2975 987 3038 consuetudinem
1011 2982 1182 3056 corruptam
1215 2983 1246 3039 et
1269 2976 1320 3039 vi-

225 3083 336 3148 tiosam
348 3082 521 3164 praeceptis
537 3082 701 3152 emendare
715 3088 911 3162 conarentur,
935 3084 1124 3148 orationibus
1140 3091 1242 3147 autem
1258 3091 1319 3148 tum

224 3192 370 3274 temporis
391 3171 511 3254 Portica
526 3191 640 3271 Latro,
665 3191 824 3254 Cornelias
852 3192 1010 3273 Hispanus
1038 3195 1168 3275 aliique,
1191 3211 1318 3274 quorum

223 3300 416 3384 eloquentiae
438 3303 587 3390 permulta
620 3301 760 3383 exempla
782 3301 814 3364 in
836 3301 971 3366 Senecae
993 3301 1152 3368 suasoriis
1181 3310 1210 3366 et
1233 3303 1318 3366 Can-

223 3412 385 3474 troversia's
416 3412 609 3477 celeberrimi
644 3418 778 3477 cessent.
820 3413 965 3494 Hispania
993 3415 1074 3492 enim
1106 3404 1192 3484 sicut,
1208 3413 1317 3494 Gallia,

225 3577 514 3590 --——.—„....-

272 3684 782 3755 1)Lo.h.X,c.15125-1o1.
875 3687 876 3691 ¹

269 3795 299 3860 2)
318 3795 404 3864 Nero,
424 3809 449 3846 c.
460 3798 504 3848 52.
522 3799 629 3848 lustitia
645 3802 674 3848 et
691 3777 882 3861 aequabilitate
900 3798 1006 3862 insigne
1025 3797 1152 3847 iudicium
1165 3798 1199 3846 de
1217 3797 1250 3847 [l-
1261 3797 1313 3847 δε·
1423 3793 1427 3802 “

313 3903 384 3942 neca
401 3893 495 3957 legere
516 3895 558 3944 est
578 3895 647 3956 apud
672 3893 873 3959 Westermann,
895 3893 989 3943 titesclt.
1012 3892 1038 3942 ci.
1056 3895 1125 3943 edm.
1138 3891 1313 3944 medemn-

317 3986 372 4038 ltett
388 3987 415 4048 s.
434 3989 471 4038 82
488 3991 517 4040 et
534 3989 577 4040 Sd.

269 4100 300 4167 a)
319 4101 481 4151 Praesertim
502 4099 673 4165 metoecis,
690 4062 878 4152 eboracam
896 4101 1208 4172 accumulabam,
1226 4113 1319 4154 nuova

314 4195 385 4245 edlz.
402 4195 519 4247 Sirenae
538 4196 621 4264 1805,’
637 4199 668 4247 u.
685 4197 720 4264 11,
739 4199 768 4247 P.
786 4198 809 4265 1,
828 4197 1016 4264 p.¹117nota.

270 4306 302 4375 a)
323 4303 414 4358 cea.
510 4347 515 4358 .
