3140 5076
271 405 401 464 exeunte
434 398 538 466 seculo
567 400 628 479 ΙΙΙ,
659 405 767 481 atque,
800 417 863 462 non
892 415 968 480 pura
997 396 1119 478 quidem
1150 395 1207 462 sed
1237 415 1274 462 ea
1297 396 1365 462 luce

271 509 423 591 splenduit
452 510 550 592 iisque
574 510 729 577 coloribus
751 491 865 591 quibas
888 509 943 573 sub
972 508 1062 572 linem
1091 507 1153 570 diei
1187 508 1368 574 autumnalis

271 619 368 684 nubes
380 618 567 682 inflammare
588 618 688 686 solent
709 619 878 682 occidentis
894 611 1070 682 solisradii.
1106 615 1318 680 Diocletianus
1337 623 1367 681 et

270 729 475 794 Maximianus*
491 713 638 794 Hercules
661 729 713 806 [ll.
729 726 800 808 284,
812 729 851 792 M.
868 725 1050 804 aso-305)
1070 725 1157 807 leges
1179 725 1312 789 tulerunt
1327 744 1366 792 ne

271 839 441 904 studiorum
473 856 565 902 cursu
595 839 826 920 impedirentur¹
843 837 971 900 iuvenes
995 835 1172 901 liberalibus
1200 836 1316 900 artibus
1338 837 1371 900 in

272 947 431 1016 academia
454 947 584 1028 quadam
606 948 721 1026 dediti;
745 965 820 1030 erga
840 947 945 1010 barum
968 945 1076 1010 artium
1098 945 1294 1026 professores
1313 965 1370 1012 ex-

273 1057 508 1124 cellentissimos
532 1075 620 1138 quam
636 1057 767 1122 maxime
787 1057 932 1121 liberales
947 1056 1070 1120 luerunt
1081 1063 1116 1131 Ι).

369 1168 467 1241 Quum
490 1167 659 1248 imperium,
683 1185 763 1230 anno
787 1167 859 1247 aba,
882 1167 961 1230 inter
987 1165 1093 1228 ambos
1115 1165 1317 1246 Imperatores
1338 1170 1370 1228 et

270 1274 376 1340 ambos
400 1276 549 1340 Caesares
573 1275 772 1354 divideretur,
795 1276 910 1339 Caesar
930 1274 1125 1338 Constantius
1148 1273 1287 1352 Chlorus,
1310 1291 1368 1354 pa·

270 1389 317 1450 ter
330 1375 520 1448 Constantini
540 1385 654 1466 Magni,
678 1384 808 1447 obtinuit
827 1385 950 1464 Gallias,
973 1383 1170 1462 Britanniam,
1194 1383 1369 1464 Hispaniam

270 1501 302 1558 et
322 1481 540 1558 Mauritaniam.
556 1495 756 1576 tingitanam.
799 1494 845 1558 Eo
867 1495 1045 1575 imperante,
1069 1499 1099 1556 et
1118 1493 1257 1556 restituta
1279 1511 1365 1574 pace,

270 1602 347 1666 Galli
374 1604 511 1668 scientiis
544 1609 575 1667 et
603 1604 713 1684 litteris
749 1604 959 1675 incubuerunt.
1015 1603 1210 1680 Constantius
1242 1603 1365 1686 ingenia

268 1713 412 1794 praemiis
437 1714 591 1793 excitavit,
616 1713 739 1806 scholas
762 1714 865 1794 auxit,
890 1713 1021 1796 ornavit,
1046 1713 1184 1778 celebres
1206 1713 1368 1794 professo-

200 1811 202 1815 ’
269 1841 321 1886 res
343 1822 455 1887 allexit.
511 1823 593 1886 lnter
621 1822 696 1886 alias
726 1823 915 1886 academiam
944 1822 1161 1905 Augustoduni
1185 1822 1363 1886 Aeduorum

268 1932 413 2014 (butun),
440 1938 509 2014 post
530 1932 740 1996 obscuriorem
761 1933 930 2014 periodum,
956 1933 995 1996 ad
1014 1933 1172 2014 pristinam
1189 1932 1300 1996 famam
1313 1950 1367 1996 ro-

260 2043 400 2123 'vooavit
422 2042 476 2104 ati.
489 2041 620 2125 legimus
644 2042 676 2104 in
692 2041 831 2104 domenii
850 2060 909 2121 pro
928 2041 1140 2104 instaurandis
1157 2040 1270 2107 sobolis
1292 2059 1369 2104 orc-

268 2151 356 2214 tioere.
391 2152 479 2216 Fusis
500 2151 666 2234 Bagaudis,
688 2153 741 2232 qui
766 2151 849 2216 ierro
874 2157 904 2214 et
925 2151 990 2234 igni
1014 2151 1115 2228 omnia
1135 2155 1290 2216 vastantes
1310 2169 1366 2216 ur-

267 2262 338 2341 bem
358 2262 455 2327 ruinis
478 2261 690 2342 foedaverant,
712 2261 762 2324 ille
784 2262 927 2342 princeps
948 2261 1077 2343 templa,
1102 2260 1241 2343 publicas·
1259 2261 1363 2342 aedes,

266 2371 388 2434 scholas
409 2371 494 2433 rclrci
515 2369 613 2449 iussit,
637 2370 739 2433 studia
753 2370 927 2442 instaurari.
970 2371 1015 2434 Ne
1036 2387 1111 2434 vero
1135 2371 1295 2435 consilium
1317 2371 1366 2434 el-

266 2480 348 2542 lectu
370 2485 500 2559 careret,
516 2478 706 2559 exsequendi
721 2459 837 2542 decreti
852 2497 955 2544 curam
972 2479 1202 2562 studiorumque
1223 2480 1363 2562 regimen

266 2588 417 2652 commisit
431 2589 499 2652 viro
522 2589 641 2670 magnis
665 2589 782 2671 ingenii
808 2589 951 2670 dotibus,
972 2606 1130 2672 generosa
1151 2589 1244 2653 animi
1261 2588 1366 2654 indole

264 2697 421 2779 praedito,
445 2697 496 2778 qui
518 2703 629 2778 mente,
652 2698 733 2779 vitae
755 2698 922 2780 dignitate,
952 2699 1133 2790 auctoritato
1153 2699 1290 2765 scholam
1311 2719 1365 2766 re-

152 2845 154 2849 v
265 2814 368 2891 geret,
392 2806 541 2890 simulque
564 2808 751 2874 iuventutem
778 2809 982 2890 eloquentiam
1006 2809 1141 2886 doceret.
1185 2809 1361 2898 Eumenius,

265 2918 350 2982 cuius
373 2936 457 2999 avus,
478 2918 692 3001 Augustoduni
713 2918 899 2998 rhetoricam
917 2918 1095 2999 protessus,
1117 2925 1258 3000 nepotem
1280 2920 1359 2985 hene
1464 2971 1470 2978 .

266 3027 395 3090 dicendi
416 3033 492 3106 arte,
512 3027 654 3093 instruxit
675 3033 706 3090 et
727 3026 920 3108 eloquentiae
938 3027 1159 3110 doctrinaeque
1182 3045 1287 3100 amore
1310 3030 1361 3091 in-

270 3135 452 3213 llammavit,
478 3136 565 3216 ipse,
589 3135 664 3198 satis
685 3141 802 3199 mature
820 3135 873 3198 avi
895 3135 1072 3200 cathedram
1093 3136 1231 3218 adeptus,
1251 3137 1358 3202 eadem

265 3245 407 3309 excelluit
429 3251 495 3307 arte
516 3244 558 3305 ita
580 3249 621 3322 ut,
644 3243 813 3307 Constantii
835 3241 939 3307 Chlori
961 3245 1080 3324 favore,
1103 3246 1142 3308 ad
1164 3263 1273 3310 munus
1295 3266 1363 3311 ma-

266 3353 356 3434 gistri
376 3369 485 3414 sacrae
507 3352 682 3432 memoriae,
699 3351 730 3414 id
747 3358 794 3416 est
808 3352 847 3423 ad
868 3352 985 3418 litteras
1006 3355 1193 3422 secretiores
1212 3357 1358 3448 principis

264 3460 446 3527 scribendas
476 3461 509 3524 in
532 3460 829 3544 aulamlvoccretur.
875 3463 931 3529 P'ro
956 3464 1050 3528 oflicii
1081 3465 1202 3530 ratione
1226 3467 1361 3548 impera-

265 3577 363 3637 torem
385 3571 417 3642 in
441 3569 687 3651 expeditionibus
708 3577 832 3638 secutus
855 3578 911 3654 est,
934 3580 964 3641 et
985 3574 1170 3654 aliquamdiu
1193 3575 1225 3642 iu
1249 3575 1359 3638 castris

263 3688 409 3747 moratus.
452 3681 550 3758 Quum
580 3699 655 3746 vero
679 3683 873 3748 Constantius
901 3685 1024 3752 scholas
1053 3685 1359 3768 augustodunenses,

262 3792 342 3856 iuter
357 3792 559 3856 harbarorum
573 3791 766 3858 incursiones
781 3793 933 3875 collapsas
946 3800 1120 3860 restaurare
1134 3796 1235 3876 vellet,
1251 3796 1364 3859 Eume-

264 3901 358 3979 nium,
382 3902 515 3981 quitum
538 3905 682 3984 temporis
697 3905 735 3968 ad
753 3904 847 3967 otium
870 3905 1050 3986 etquietem
1068 3923 1103 3969 se
1120 3903 1287 3970 contulisse
1305 3923 1362 3986 ap-

265 4015 371 4092 paret,
397 4028 436 4072 ex
459 4028 587 4098 secessu
607 4013 749 4078 evocavit
771 4032 807 4077 ac
833 4013 959 4078 scholae
979 4013 1252 4096 Augustodunensi
1272 4032 1364 4096 prae-

261 4151 557 4172 -—---—--·

315 4247 345 4311 1)
363 4199 500 4300 molus
516 4245 549 4298 de
573 4248 671 4312 chcta
689 4247 722 4300 ΙΙ.
741 4243 773 4301 11.
793 4251 889 4300 scncct.
910 4247 970 4320 101,
990 4248 1053 4306 toa.
