3140 5076
681 263 926 335 ..90-

252 455 355 522 vorbis
376 461 508 534 utantur,
534 477 561 521 e.
585 474 616 538 g.
639 458 670 520 in
692 457 870 541 narratione
889 453 1096 522 Maximiniani
1120 457 1151 518 et
1163 449 1348 517 Diocletiani

250 567 281 630 in
303 567 419 630 ltaliam
441 584 496 646 per
515 566 637 649 Alpium
659 569 731 650 iuga
751 567 879 630 reditus.
922 566 1028 644 „Nunc
1047 566 1163 626 autem“
1185 561 1243 638 (ita
1266 562 1348 626 canit

250 677 436 741 adulatorius
459 676 654 758 buccinator)
685 683 736 757 ,ut
757 679 885 758 primum
908 695 948 738 ex
969 675 1106 753 utrisque
1122 672 1243 752 Alpium
1267 672 1350 756 iugis
1414 677 1418 682 '

251 794 384 850 restrum
404 788 522 851 Numen
543 786 671 866 effulsit,
701 794 764 851 tota
788 787 873 850 ltalia
899 786 1011 848 clarior
1030 784 1082 846 lux
1101 781 1223 860 diffusa,
1247 783 1350 847 omui·
1409 777 1412 782 ’

250 899 306 961 bus
329 897 380 978 qui
407 903 610 977 suspexerant
637 891 734 977 aequa
757 896 917 960 admiratio
943 901 1032 975 atque
1054 892 1201 956 dubitatio
1224 892 1351 972 iniecta,

253 1007 375 1088 quinam
404 1007 443 1068 da
465 1005 525 1067 illis
556 1007 702 1069 montium
725 1006 892 1068 verticibus
916 1002 1097 1067 orirentur?
1130 1021 1169 1066 au
1203 1002 1251 1068 bis
1272 1020 1350 1084 gra-

251 1117 345 1179 dibus·
361 1117 392 1178 in
407 1122 505 1179 terras
526 1117 614 1180 coelo
640 1115 886 1180 descenderant?
910 1117 948 1178 Ut
968 1132 1044 1177 vero
1066 1113 1189 1194 propius
1208 1112 1350 1192 propius·-

253 1244 312 1306 que
335 1226 436 1306 coepti
459 1227 533 1288 estis
556 1226 702 1308 agnosci,
726 1243 833 1288 omnes
856 1225 923 1308 agri
946 1224 1069 1305 oppleti,
1092 1239 1155 1284 non
1175 1220 1349 1288 hominibus

228 1334 344 1397 'modo
369 1334 407 1397 ad
428 1334 589 1422 visendum
610 1335 878 1416 procurrentibus,
909 1335 963 1398 sed
987 1333 1078 1402 etiarn
1101 1331 1251 1413 pecudum
1273 1349 1349 1415 gre-

251 1445 345 1529 gibus
386 1451 502 1507 remota
536 1463 650 1525 pascua
680 1451 710 1508 et
745 1463 873 1507 nemora
907 1443 1129 1524 linquentibus:
1158 1459 1349 1508 concursura

251 1555 331 1618 inter
350 1573 384 1618 se
405 1555 584 1638 agricolae,
620 1554 760 1617 nuntiare
791 1555 861 1645 totis
898 1554 984 1631 visa,
1019 1571 1092 1616 arae
1112 1552 1259 1630 incendi,
1281 1558 1348 1618 tura

250 1665 334 1745 poni,
354 1664 427 1730 vina
443 1664 543 1742 libari,
565 1665 708 1728 victimae
727 1664 825 1742 caedi,
850 1669 959 1726 cuncta
973 1663 1087 1745 gaudio
1103 1662 1217 1740 calare,
1241 1668 1349 1726 cuncta

249 1772 405 1854 plausibus
439 1773 632 1853 tripudiare,
676 1774 741 1838 Diis
774 1772 995 1840 immortalibus
1035 1771 1141 1834 laudes
1184 1777 1349 1853 gratosque
1395 1791 1397 1796 ·

251 1883 390 1960 cantari,
427 1899 489 1944 non
512 1883 657 1962 opinione
685 1883 823 1960 traditus,
847 1883 902 1946 sed
933 1881 1117 1962 conspicuus
1140 1887 1170 1944 et
1200 1897 1347 1961 praesens

251 1991 364 2072 Iupiter
385 1991 523 2054 cominus
545 1992 701 2078 invocari,
725 2009 787 2056 non
811 1990 940 2068 advena,
962 1991 1017 2054 sed
1042 1990 1209 2070 lmperator
1225 1989 1350 2058 ‚Hercu-

255 2099 301 2166 les
324 2100 447 2164 adorari
464 2107 520 2177 ψ
811 2111 813 2119 ’
900 2179 903 2185 ¹

255 2249 259 2256 ·
355 2209 596 2282 Christianorum
618 2209 709 2274 ideae
736 2210 815 2273 inter
836 2226 974 2292 paganos
996 2211 1058 2271 tum
1080 2207 1212 2272 obscure
1241 2224 1350 2288 sarpe-

250 2319 324 2383 bant
354 2325 384 2382 et
414 2320 575 2401 prolanam
608 2325 737 2384 mentem
764 2319 853 2382 unius
884 2317 913 2384 e't
941 2318 1066 2384 alterius
1093 2316 1349 2398 panegyricorum

251 2430 434 2510 scriptorum
454 2430 649 2510 irrepserant.
674 2430 762 2504 Quod
777 2429 898 2508 antiqua
911 2426 1103 2508 philosophia
1125 2424 1348 2506 suspicabatur,

251 2544 358 2601 sancta
381 2555 457 2600 voro
480 2539 592 2600 Christi
612 2539 724 2619 religio
746 2538 829 2600 clare
850 2538 942 2612 docet
964 2537 1003 2600 da
1025 2535 1132 2616 spiritu
1154 2534 1257 2598 divino
1281 2551 1349 2599 cum

244 2646 383 2710 ‘hominis
399 2647 514 2727 spiritu
537 2665 607 2710 sese
628 2647 890 2724 communicante,
921 2645 952 2708 id
972 2646 1041 2724 isti,
1070 2664 1138 2710 cum
1160 2643 1349 2726 mythologie

192 2741 194 2746 ’
250 2758 427 2836 miscentes,
449 2757 480 2819 iu
503 2757 709 2822 adulationem
731 2758 966 2820 converterunt?
988 2755 1068 2820 adeo
1089 2753 1252 2818 servilibus
1274 2771 1351 2816 sen-

250 2867 335 2932 sibus
361 2868 586 2932 sanetissimum
609 2867 751 2948 quodque
781 2867 1001 2947 corruperuntt
1046 2863 1178 2940 Audite,
1212 2879 1343 2942 quaeso:

252 2977 371 3057 ,liabeo
393 2978 533 3057 prolecto
556 2977 669 3057 aliquid
694 2994 762 3040 cum
780 2975 836 3038 illa
860 2980 960 3038 mente
982 2974 1108 3050 diviua,
1132 2971 1348 3059 Constantine,

254 3093 430 3166 secretum,
452 3105 540 3168 quae,
564 3087 704 3169 delegata
726 3087 824 3150 nostri
843 3085 909 3148 Diis
934 3083 1102 3150 minoribus
1124 3100 1216 3159 cura,
1242 3083 1295 3144 uni
1314 3099 1350 3146 sc

252 3197 306 3260 tibi
328 3197 471 3277 dignatur
493 3196 734 3272 ostenderem
770 3197 900 3260 lterum:
926 3194 1022 3275 ,Quid
1045 3193 1076 3254 in
1094 3193 1265 3269 consilium,
1289 3191 1349 3256 nisi

252 3304 388 3367 divinum
407 3305 524 3367 Numen
548 3303 679 3368 habuisti
692 3304 762 3383 ψ

306 3608 335 3675 1)
353 3608 481 3660 Mamm.
494 3605 614 3676 ‘thenath
634 3619 658 3656 c.
676 3605 719 3656 10.
754 3604 912 3654 Huiusmodi
937 3603 1098 3654 adulationis
1121 3603 1245 3666 exempla
1268 3603 1349 3653 etiam

340 3695 460 3756 'exnrner
481 3702 613 3766 Wyreeno.
634 3705 662 3752 rn
680 3700 753 3753 But.
774 3699 838 3752 ortt.
856 3702 884 3750 r.
905 3700 940 3766 V,
958 3715 983 3762 p.
1005 3699 1121 3751 ao-ce.

307 3822 337 3884 2)
355 3820 429 3870 vul.
448 3817 552 3871 lacerti
569 3817 673 3882 Pauca.
691 3830 713 3867 c.
727 3817 754 3866 2.

309 3927 340 3989 ³)
361 3923 399 3974 lt.
420 3937 444 3974 c.
463 3925 489 3973 4.
525 3925 640 3988 Dignum
661 3923 704 3973 est
724 3921 818 3971 notatu
838 3921 998 3984 scriptorem
1026 3919 1097 3969 bunc
1125 3919 1196 3978 inter
1213 3919 1350 3982 pontheis-

310 4037 313 4044 *
354 4033 426 4070 mum
443 4022 471 4070 et
492 4021 571 4070 derum
590 4013 786 4084 personalem,
800 4019 838 4066 uti
855 4017 981 4082 dicimus,
1004 4017 1213 4079 omnipotentem
1233 4017 1260 4068 et
1279 4017 1352 4078 upti-

353 4128 424 4166 mum
438 4115 604 4166 dubitatione
618 4117 646 4163 iu
661 4116 800 4176 utramque
819 4114 921 4176 partem
939 4109 1078 4160 vacillare.
1115 4111 1175 4162 Hac
1185 4112 1255 4163 entra
1270 4121 1351 4174 prem

317 4229 320 4236 ·
355 4213 440 4263 Deum
457 4211 623 4274 incognitum
641 4209 724 4273 (Acta
743 4209 830 4270 Apost
856 4205 944 4274 xvll,
957 4207 1006 4270 28)
1028 4207 1141 4264 adorata
1160 4205 1232 4273 „r'1'e,
1249 4215 1351 4258 summo

355 4311 444 4372 sator,
464 4295 541 4358 cuius
562 4307 602 4355 tot
619 4304 825 4368 nominarunt,
851 4304 916 4366 qrrot
946 4303 1064 4366 gendum
1089 4299 1197 4366 lingens
1215 4311 1279 4358 esse
1296 4311 1349 4350 vo·
