3140 5076
616 279 955 352 .„„

281 471 383 552 „mot
399 469 640 538 studiosissimus
663 470 792 556 estque
814 469 891 550 apud
915 489 984 536 aira
1006 475 1212 551 exerceretur,
1235 470 1376 536 dolebam

282 581 373 660 „mihi
393 580 473 646 idem
490 598 550 647 non
566 571 673 648 licere.
717 580 903 646 continetur
925 588 1026 646 autem
1049 581 1296 646 doctissimocum
1316 581 1378 646 io-

281 691 411 769 „minum
441 690 639 768 auctoritate,
670 691 721 771 qui
754 691 969 758 existimabant
990 691 1118 756 Graecis
1148 690 1379 756 exercitationi-

281 799 830 880 mmfflmmswmmmm
883 800 1377 878 ffimfflfflmmmdms

281 910 379 988 „sisse
399 909 489 982 uixit]
512 910 551 976 Μ.
573 909 714 986 dodim,
746 909 777 978 in
799 910 939 974 oratione
961 927 1050 990 quem
1072 927 1128 990 pro
1149 929 1184 973 se
1205 910 1244 974 de
1265 910 1297 974 vi
1318 911 1377 974 ha·

283 1019 376 1097 ,huit
401 1017 595 1099 significahat
617 1017 750 1090 dictasse
768 1018 921 1096 Atratino,
937 1022 1111 1083 accusatori
1125 1035 1193 1098 suo,
1210 1020 1363 1083 actionem
1369 1039 1378 1098 3

281 1127 516 1206 „subtractoque
551 1126 697 1204 nomine,
743 1127 919 1190 ordearium
953 1145 1021 1190 eum
1053 1127 1208 1192 rhetorem
1235 1126 1375 1209 appellat,
1427 1178 1430 1182 .

280 1236 456 1315 ,deridens
482 1242 515 1298 ut
536 1235 681 1315 imitatura,
706 1253 743 1303 ac
764 1235 881 1315 leuem,
903 1243 935 1302 et
957 1235 1145 1300 sortiturae
1187 1237 1228 1301 At
1252 1237 1375 1311 Quinti-

279 1346 379 1412 lianus
409 1347 585 1416 Latinorum
611 1352 844 1426 praeceptorum
881 1347 1054 1428 „insignem
1083 1346 1380 1412 caementarium

279 1457 461 1533 nominem).
484 1455 532 1520 lto
550 1460 640 1537 gestu
660 1455 769 1522 lihrum
792 1455 925 1536 scripsit,
948 1456 1050 1536 ibique
1070 1457 1228 1538 praecepit
1248 1463 1282 1519 ut
1304 1475 1378 1520 ora-

280 1571 367 1627 tores
385 1570 489 1646 togam
511 1565 550 1628 ad
575 1563 698 1632 calceos
720 1581 818 1645 usque
842 1563 1036 1634 demitterent
1057 1566 1149 1632 monti
1173 1565 1286 1630 Graeci
1310 1566 1378 1648 nal-

225 1664 228 1670 ’
281 1675 354 1737 lium
376 1680 415 1752 Ἰ).
811 1679 815 1688 ’
996 1723 999 1733 ,

271 1784 275 1792 ’
381 1782 1380 1864 ῶωωώωωωωῃὼωηωώώωτωωήη

236 1941 241 1948 1
281 1890 378 1954 Gallia
402 1890 558 1971 Cisalpina
578 1897 677 1969 natus,
702 1890 742 1953 M.
756 1890 907 1956 Antonias
921 1893 1049 1972 Gnipho,
1073 1894 1222 1976 ingenuus
1245 1893 1299 1956 sed
1323 1911 1380 1956 ex-

278 2001 420 2080 positus,
454 2019 471 2061 a
501 2000 649 2063 nutritore
675 2018 732 2069 suo
763 2003 967 2080 manumissus
996 2003 1227 2084 institutusque,
1258 2003 1379 2084 dequo

279 2108 356 2171 haec
377 2127 394 2171 a
416 2109 563 2173 Suetonio
587 2116 765 2178 narrantur:
802 2111 947 2196 ,Fuisse‘,
971 2111 1099 2190 dicitur,
1125 2110 1241 2192 ingenii
1264 2112 1378 2193 magni,

279 2217 445 2280 memoriae
467 2217 652 2300 singularis,
675 2237 734 2282 nec
754 2219 852 2292 minus
869 2219 995 2292 ‘Graece
1019 2231 1108 2310 quam
1129 2218 1236 2284 Latine
1257 2217 1378 2299 doctus,

278 2331 438 2406 practerea
461 2327 541 2389 comi
563 2327 708 2408 facilique
728 2334 857 2406 natura,
887 2346 946 2391 nec
968 2345 1100 2408 unquam
1124 2328 1163 2392 de
1182 2319 1391 2392 mercedibus¹

278 2423 406 2514 pactus,
447 2452 546 2515 eoque
574 2435 660 2516 plura
683 2456 721 2500 ex
750 2437 933 2499 liberalitate
969 2436 1149 2501 discentium
1183 2443 1377 2501 consecutus.

278 2541 390 2606 Docuit
411 2543 540 2624 primum
568 2521 599 2605 in
619 2543 690 2606 Divi
722 2543 790 2606 lulii
815 2544 906 2607 domo
939 2545 1025 2626 pueri
1056 2545 1156 2618 adhuc
1166 2567 1175 2625 3
1211 2545 1324 2610 deinde
1346 2547 1378 2609 in

279 2669 333 2715 sna
364 2646 492 2732 privata.
535 2652 648 2714 Docuit
677 2659 774 2716 autem
811 2659 841 2716 et
861 2653 1067 2733 rhetoricam,
1106 2653 1147 2716 ita
1181 2661 1213 2716 ut
1244 2654 1381 2738 quotidie

278 2768 442 2844 praecepta
465 2761 660 2842 eloquentiae
670 2763 815 2842 traderet,
840 2763 1026 2828 declamaret
1048 2782 1199 2827 veronon
1219 2763 1279 2827 nisi
1298 2783 1380 2828 nun-

280 2873 370 2936 dinis.
415 2872 558 2936 Scholam
590 2872 656 2936 eius
678 2872 779 2936 claros
802 2891 923 2966 quoque
943 2869 1028 2937 viros
1050 2873 1262 2955 frequentasse
1284 2875 1377 2955 aiunt,

278 2983 310 3045 in
331 2983 378 3044 his
405 2981 444 3045 Μ.
468 2982 668 3060 Ciceronem,
702 2983 791 3046 etiam
822 3001 888 3045 curn
917 2990 1060 3065 praetura
1089 2984 1270 3068 iungeretur
1291 2991 1321 3047 et
1344 2985 1377 3047 G.

279 3092 385 3154 lulium
401 3091 576 3155 Caesarem.
608 3091 737 3173 Scripsit
752 3092 854 3171 multa,
869 3095 1007 3173 momnis
1031 3111 1142 3157 annum
1159 3093 1267 3158 aetatis
1287 3093 1378 3175 quin-

279 3201 488 3281 quagesimum
510 3218 573 3261 non
597 3177 783 3264 excesserit:
808 3201 865 3264 etsi
881 3201 1000 3264 Atteius
1021 3201 1197 3283 Philologus
1224 3203 1284 3266 duo
1308 3209 1379 3266 tan-

279 3315 340 3370 tum
362 3307 516 3371 volumina
543 3309 581 3370 de
603 3309 709 3372 Latino
731 3327 875 3374 sermone
897 3311 1062 3392 reliquisse
1086 3328 1154 3374 eum
1175 3312 1277 3384 tradit,
1300 3313 1377 3377 Nam

280 3421 402 3479 caetera
424 3417 538 3498 scripta
560 3417 778 3497 discipulorum
801 3419 867 3481 eius
890 3437 969 3498 csse,
995 3437 1059 3499 naq
1078 3420 1192 3512 ipsius:
1214 3422 1376 3503 inquibus

280 3530 310 3588 et
330 3543 416 3589 suum
441 3525 552 3589 alicubi
575 3527 707 3607 reperiri
728 3535 871 3591 nomen.“
895 3531 935 3606 ³).

378 3633 462 3702 Idem
483 3631 666 3715 Suetonius,
696 3653 786 3717 quiem
806 3653 901 3717 saepe
918 3635 1028 3706 ducum
1045 3638 1223 3720 sequimur,
1248 3637 1287 3708 de
1309 3645 1375 3704 ter-

278 3743 322 3806 tio
345 3743 433 3808 (lello
453 3743 605 3824 Rhetoro,
629 3745 660 3807 in
681 3745 791 3811 eodem
813 3744 891 3809 lihro
915 3757 969 3822 (ca
988 3749 1042 3827 ll)
1064 3747 1111 3811 his
1133 3747 1236 3812 vertis
1260 3749 1375 3813 refert:

275 3851 437 3933 ,laetius
459 3854 554 3935 Ceto,
585 3860 619 3918 ut
652 3855 789 3919 nonnulli
811 3855 1032 3937 ‚tradideruut,
1057 3858 1193 3924 'Burseni
1214 3858 1373 3924 cuiusdam

277 4018 571 4030 -ι--ι-ᾐ

332 4111 360 4176 1)
380 4110 401 4160 ι.
422 4110 466 4162 or.
483 4111 519 4178 n,
532 4113 560 4179 a,
579 4111 606 4173 s.
628 4113 671 4163 aa.

330 4208 361 4272 2)
382 4206 447 4258 mss.
466 4207 514 4275 xl,
534 4210 560 4275 ³,
580 4208 606 4269 s.
626 4208 686 4258 lter

333 4305 364 4368 8)
382 4303 424 4355 De
442 4299 490 4356 nr.
511 4303 632 4354 limmat.
653 4317 677 4355 o.
696 4305 722 4354 7.
