3140 5076
636 297 883 397 ..ς-

273 571 302 656 §.
325 576 355 636 4.
387 531 516 636 'Gallio
540 567 766 652 Transalpina
785 535 929 667 linpuuin
953 563 1108 632 Latinam
1131 567 1253 648 recipit

435 676 605 764 librosque
625 675 843 760 Romanorum
860 679 1074 761 scriptorum.

313 869 342 933 Δ
363 849 508 935 Romanis
530 868 754 933 mercatoribus
777 867 905 932 Galliam
926 865 1178 947 'lbansalpinana‚
1213 865 1310 929 meri-

211 978 364 1044 dionalem
383 979 581 1061 praesertim,
606 979 787 1042 adeuntibus
809 978 916 1043 Latina
939 975 1016 1041 Galli
1041 981 1229 1057 acceperunt
1248 993 1310 1039 vo.

211 1086 328 1152 cabula.
371 1077 464 1170 Mox,
492 1106 551 1172 quo
574 1094 682 1153 natura
705 1106 760 1152 eos
781 1083 909 1151 donauit
929 1087 1075 1170 ingenio,
1098 1086 1204 1150 Latine
1225 1085 1310 1168 loqui

210 1203 399 1278 coeperunt;
437 1215 495 1262 nec
529 1197 651 1278 quidam
680 1195 765 1278 lepos
794 1196 930 1260 defuisse
952 1193 1148 1275 loquentibus
1177 1193 1309 1260 videtur.

208 1303 401 1371 Provinciam
422 1306 503 1369 eninr
515 1307 610 1369 llusis
628 1292 760 1371 docilem
778 1312 808 1368 et
825 1305 955 1369 amicam
968 1304 1151 1368 invenerunt
1169 1303 1309 1368 Romani.

175 1417 186 1446 '¹
313 1415 435 1494 Gallos,
465 1411 559 1480 armis
586 1415 745 1504 devictos,
770 1431 915 1478 sermone
945 1420 975 1476 et
993 1414 1103 1476 litteris
1133 1412 1252 1495 plenius
1275 1431 1312 1478 ao

211 1524 318 1590 melius
340 1521 508 1590 devincere
530 1530 600 1589 sunt
622 1525 736 1590 conati.
779 1525 864 1587 Haec
891 1541 968 1588 vero
994 1529 1121 1590 naturae
1141 1521 1193 1586 lex
1212 1539 1312 1603 popu-

209 1634 309 1698 lorum
332 1636 498 1698 societates
519 1640 549 1697 et
571 1634 778 1699 multitudines
799 1631 899 1716 regit,
922 1639 972 1712 ut,
995 1613 1124 1714 excepto
1146 1624 1312 1699 uno*alte-

210 1761 288 1807 rove
310 1759 446 1806 summae
460 1742 630 1824 tyrannidis
652 1743 808 1824 exemplem
829 1760 892 1805 non
906 1743 1008 1806 victor
1025 1741 1116 1806 victis
1136 1759 1312 1808 sermonem

212 1868 299 1914 suurn
323 1851 476 1932 imponat,
507 1852 563 1915 sed
586 1851 726 1916 doctrina
758 1859 788 1916 et
810 1853 998 1934 cogitatione
1027 1851 1233 1934 praestantior
1253 1869 1314 1934 po-¹

212 1959 300 2042 pnlus
335 1959 453 2023 animos
487 1961 613 2025 alterius
633 1961 798 2041 devincat3
824 1962 904 2025 sicut
927 1961 1008 2025 enim
1029 1961 1153 2054 plantae
1174 1961 1213 2026 ad
1236 1960 1311 2026 solis

212 2069 329 2150 radios,
352 2069 398 2134 sic
418 2076 537 2134 mentes
557 2072 723 2135 admontis
745 2071 847 2135 lumen
865 2089 937 2135 sese
960 2077 1165 2152 convertunt,
1189 2077 1311 2137 etcum

211 2183 301 2246 novis
323 2181 465 2245 sensibus
487 2179 576 2244 simul
598 2179 734 2262 linguam
756 2179 794 2243 iis
817 2181 961 2243 imbutam
983 2178 1203 2263 adipiscuntur.
1246 2180 1313 2242 lie-

213 2292 306 2356 cretis
329 2290 452 2372 quidem
474 2291 678 2374 Imperatores
699 2289 829 2354 Romani
851 2294 881 2352 et
899 2289 989 2354 novis
1012 2289 1156 2358 institutis
1176 2289 1311 2372 linguam

212 2401 349 2464 Latinam
370 2400 401 2462 in
424 2398 537 2466 Gallias
561 2399 741 2478 intulerunt,
765 2399 820 2463 sed
843 2417 910 2464 earn
931 2405 1130 2482 patraverunt
1150 2399 1312 2464 victoriam

8 2479 9 2566 Ῐ
105 2545 106 2550 1
214 2510 377 2575 adiuvante
399 2495 526 2574 naturae
549 2509 675 2572 decreto
695 2514 725 2573 et
746 2508 902 2573 instituto:
926 2509 1054 2574 Romani
1078 2509 1169 2589 enirn,
1190 2508 1311 2588 litteris,

212 2621 328 2686 artibus
356 2619 552 2700 liberalibus,
593 2619 787 2702 philosophia
819 2625 850 2682 et
882 2619 1058 2685 omnimodo
1085 2621 1203 2704 ingenii
1232 2622 1313 2691 cultu

212 2730 316 2794 Gallos
326 2729 416 2794 valde
428 2730 622 2811 superabant.
644 2729 767 2792 Abinde
777 2730 810 2792 hi
821 2731 977 2794 Romanos
990 2731 1158 2813 scriptores
1173 2732 1312 2798 studiose

210 2839 319 2928 legere
342 2844 563 2918 assueverunt,
600 2839 652 2920 qui
674 2845 829 2903 caeterum
857 2845 922 2902 toto
952 2839 1028 2904 orbe
1058 2839 1196 2904 Romano
1222 2841 1314 2926 lege-

213 2947 323 3011 bantur
339 2953 375 3024 ¹).
418 2947 530 3010 erratus
554 2946 657 3009 iunior
683 2945 810 3009 scribit:
849 2946 1054 3028 „bibliopolas
1076 2949 1217 3031 nudans
1240 2925 1318 3014 essa

212 3074 275 3122 non
296 3055 449 3137 putabam,
473 3074 509 3118 ac
528 3060 612 3119 tanto
633 3052 777 3118 libentius
800 3073 840 3117 ex
859 3054 970 3119 litteris
992 3056 1052 3119 tuis
1076 3058 1211 3140 cognovi
1232 3077 1314 3121 ven-

215 3164 307 3230 ditari
324 3163 445 3228 libellos
470 3182 580 3245 meos,
612 3164 721 3245 quibus
741 3182 874 3247 peregre
896 3182 1022 3230 manere
1040 3165 1187 3250 gratiam,
1218 3186 1308 3250 quarn

212 3275 246 3338 in
264 3274 341 3338 urbe
369 3274 575 3359 collegerint,
613 3273 799 3356 delector2).
856 3275 1003 3340 Martialis
1032 3276 1194 3360 legebatur
1215 3278 1312 3344 Tolo-

213 3401 268 3448 sae
281 3386 320 3462 3),
340 3383 512 3465 lanamque
534 3400 620 3448 suam
641 3401 698 3465 per
723 3380 840 3448 Galliae
858 3384 951 3448 urbes
972 3402 1110 3468 sparsam
1132 3407 1202 3452 esse
1224 3406 1312 3466 sum-

213 3477 340 3573 mopere
361 3491 525 3575 gaudebat.
1213 3483 1217 3490 ⁴

297 3601 404 3664 Fertur
425 3601 541 3665 babere
562 3618 659 3681 meos,
682 3602 709 3665 si
726 3619 801 3664 vera
824 3606 871 3665 est
892 3602 984 3682 larna,
1007 3601 1129 3666 libellos

337 3707 420 3771 Inter
442 3707 569 3773 delicias
591 3709 697 3792 pulcra
719 3711 837 3776 Vienna
858 3727 941 3776 suas.

265 3967 296 4034 r)
317 3966 392 4024 osu.
415 3965 494 4018 ursa
513 3967 560 4019 ιν.
579 3969 605 4020 a.
624 3968 677 4035 ως
695 3969 739 4036 ro.
760 3969 822 4021 rae.
842 3969 913 4021 vioe
930 3943 1082 4033 roea'qaoe
1100 3955 1173 4020 ertu
1194 3943 1245 4022 ἰν.
1260 3969 1310 4022 au.

316 4063 454 4129 namu,
487 4064 583 4116 earu.
611 4063 663 4116 aar
682 4065 781 4117 nan-
808 4065 865 4117 mu
881 4063 1057 4132 uacuas
1072 4065 1109 4118 im
1130 4053 1194 4119 rara
1213 4067 1311 4118 rura.

313 4160 404 4212 nerra
422 4159 500 4212 rear.
518 4163 545 4213 ι.
564 4161 625 4212 rra.
1097 4162 1101 4176 ·

264 4257 295 4322 Β)
313 4257 345 4306 la.
363 4255 411 4307 tx.
430 4254 506 4322 epist.
526 4255 570 4307 11.

266 4354 297 4421 s)
314 4353 346 4410 n.
366 4351 412 4406 rx.
433 4348 516 4419 aare
535 4351 595 4406 roo
