3140 5076
495 351 505 384 ,
722 299 773 324 ι-
823 265 872 337 to
922 293 969 312 -··

301 453 471 534 quaerendi
490 457 569 518 sunt.
614 454 749 519 Oratorii
770 455 888 540 ingenii
908 454 1046 536 exempla
1070 453 1202 522 tortasse
1223 443 1323 540 tnagis
1345 455 1397 521 in-

297 581 398 645 genua
426 565 596 646 reperimus
634 565 666 626 in
697 564 877 646 quibusdam
907 564 1037 646 publicis
1068 565 1208 628 coetibus
1242 567 1294 629 ubi
1324 569 1394 646 viri,

295 672 427 735 naturali
448 672 630 756 'eloquentia
658 673 808 754 praediti,
838 690 930 756 quum
958 674 1158 756 loquerentur
1177 693 1273 758 agere
1294 676 1395 757 potius

296 782 488 845 videbantur.
531 782 620 846 Tales
644 785 825 847 exstiterunt
844 802 925 847 anno
948 785 1176 867 septuagesimo
1209 791 1279 866 post
1301 785 1334 848 G.
1357 786 1393 848 N.

299 891 417 952 Tullius
442 889 615 954 Valentinus
641 899 672 954 et
692 891 789 955 lulius
811 887 968 972 Auspex(
1003 894 1206 957 Dissensione
1237 894 1318 957 inter
1337 893 1395 956 vt-

296 999 411 1063 tellium
434 1006 463 1063 et
482 1000 703 1082 Vespasianum
727 1008 807 1082 orta,
830 1003 995 1066 Galliarum
1016 1003 1155 1066 civitates
1177 1005 1289 1066 Remos
1314 1020 1394 1065 con-

296 1127 413 1172 venere
434 1109 658 1175 deliberaturae
678 1129 718 1173 an
740 1113 946 1175 Romanorum
966 1113 1071 1195 iugum
1090 1112 1270 1195 frangerent
1288 1129 1395 1174 suam-

297 1237 356 1300 que
378 1220 549 1284 libertatem
572 1229 758 1286 assererent.
801 1221 886 1303 Turn,
909 1222 1059 1286 libertatis
1078 1223 1185 1303 spiritu
1207 1221 1394 1286 dominatio-

296 1347 367 1392 nem
389 1327 564 1410 respuente,
585 1330 722 1392 ultimum
745 1332 882 1408 exarsit,
906 1348 969 1393 non
991 1331 1159 1409 rhetorum,
1183 1331 1238 1394 sed
1258 1332 1393 1412 pectoris

297 1439 482 1521 eloquentia.
537 1440 742 1502 Treverorum
761 1439 876 1522 legatio
898 1439 962 1501 illic
992 1441 1209 1520 opperiebatur
1231 1441 1290 1516 (ita
1311 1441 1394 1524 legi-

248 1597 252 1602 .
297 1564 364 1612 mus
386 1546 466 1628 apud
486 1547 656 1628 Tacittnn),
683 1549 835 1616 acerrimo
859 1549 1041 1611 instinctore
1064 1549 1137 1612 belli
1162 1549 1257 1611 Tullio
1285 1547 1394 1612 Valeo-

297 1657 369 1719 tino.
413 1657 442 1720 ls
464 1655 609 1719 meditata
629 1658 780 1736 oratione,
805 1664 925 1737 cuncta,
946 1647 1067 1741 magnis
1084 1659 1221 1739 imperiis
1244 1657 1393 1721 obiectari

296 1766 398 1845 solita,
422 1766 698 1848 contumeliasque,
722 1773 753 1830 et
774 1767 921 1830 invidiam
942 1767 974 1828 in
995 1767 1137 1848 populum
1155 1768 1323 1831 Romanum
1344 1766 1394 1830 el-

255 1957 261 1968 ·
297 1875 392 1966 fudit3
410 1874 551 1938 turbidus
569 1875 735 1939 miscendis
757 1875 960 1939 seditionibus
983 1882 1013 1938 et
1028 1876 1184 1959 plerisque
1206 1883 1312 1960 gratus
1334 1893 1393 1938 ve-

296 1980 384 2048 c'ordi
407 1983 560 2051 facundia.
607 1983 647 2046 At
666 1983 763 2047 lulius
782 1985 931 2064 Auspex,
967 2004 984 2048 e
1005 1986 1190 2066 primoribus
1217 1987 1392 2064 Remorum,

296 2094 359 2155 vim
368 2093 545 2173 Romanam,
564 2093 713 2174 pacisque
735 2083 1011 2158 torm'dissertans
1031 2101 1061 2156 et
1076 2075 1155 2156 sarni
1175 2093 1283 2155 bellurn
1304 2095 1394 2155 atium

296 2203 336 2266 ob
359 2203 489 2285 iqnacis,
512 2204 715 2266 strenuissimi
734 2203 880 2284 caiusque
900 2205 1036 2284 periculo
1055 2203 1140 2286 peri,
1161 2203 1280 2283 iamque
1299 2219 1394 2282 super

299 2320 392 2392 capot
419 2313 573 2393 tepionea,
602 2315 859 2395 sapientissimum
886 2330 1037 2395 quemque
1064 2299 1239 2377 reverentia
1260 2312 1391 2394 fideque,

297 2422 434 2483 iuniores
465 2403 605 2501 periculo
623 2439 672 2484 ac
692 2423 956 2485 metucoutinuit.
1011 2424 1048 2486 Et
1076 2421 1230 2487 Valentini
1259 2425 1391 2487 animum

296 2529 471 2610 laudabant,
495 2531 656 2594 consilium
678 2530 822 2611 Auspicis
844 2532 1049 2613 sequebantur
1065 2540 1102 2611 ¹).

235 2715 237 2718 ¹
399 2640 491 2703 nttud
509 2640 701 2722 eloquentiae
714 2640 885 2722 exemplum
907 2659 1037 2704 narrans
1060 2627 1185 2722 exponit
1204 2641 1286 2704 idem
1300 2641 1393 2704 Taci-
1445 2625 1448 2629 ⁵

297 2757 358 2830 tus,
380 2768 419 2816 ex
439 2749 598 2829 Helvetiis,
615 2749 733 2813 Gallica
751 2756 813 2812 tum
836 2757 940 2834 gente.
984 2751 1030 2813 De
1050 2750 1146 2814 caede
1160 2751 1275 2816 Galbae
1292 2751 1393 2835 ignari

298 2867 328 2924 et
335 2860 449 2924 Vitellii
463 2859 622 2942 imperium
645 2861 824 2940 abnuentes,
835 2860 987 2924 Caecinae
1000 2859 1153 2924 turbidum
1174 2861 1332 2944 ingenium
1347 2861 1394 2923 ir-

296 2972 474 3040 ritaverant.
513 2970 629 3036 Vastatl
654 2973 733 3054 agri,
754 2970 872 3052 direpta
885 2971 1081 3053 municipia,
1105 2970 1214 3051 ,multa
1235 2970 1393 3033 hominurn

299 3080 382 3143 milia
402 3099 505 3159 caesa,
528 3081 620 3144 multa
643 3080 699 3142 sub
719 3080 1039 3144 coronaveuumdata.
1086 3082 1256 3161 Quumque,
1286 3080 1394 3142 dirutis

302 3189 455 3268 omnibus,
480 3188 681 3266 Aventicum,
705 3191 806 3272 gentis
828 3193 942 3267 caput,
977 3189 1056 3250 iusto
1079 3189 1205 3268 agmine
1226 3192 1392 3265 peteretur,

301 3295 387 3356 missi
408 3296 465 3374 qui,
482 3293 633 3356 dederent
654 3294 830 3356 civitatem:
854 3300 884 3353 et
906 3291 1021 3355 deditio
1046 3299 1181 3373 accepta.
1231 3293 1264 3352 ln
1287 3293 1392 3353 lulium

300 3402 454 3483 Alpinum,
479 3400 711 3482 eprincipibus,
735 3408 767 3463 ut
787 3401 978 3478 concitorem
997 3400 1080 3480 belli,
1104 3399 1236 3464 Caecina
1252 3398 1394 3462 animad-

299 3512 407 3574 vertit:
431 3518 553 3574 ceteros
576 3511 687 3574 veniae
708 3511 758 3573 vel
778 3509 925 3574 saevitiae
936 3509 1049 3596 Vitellii
1069 3509 1201 3590 reliquit.
1242 3507 1358 3572 Haudl
1375 3545 1394 3560 -

300 3621 359 3685 cile
381 3621 465 3684 dictu
485 3627 542 3701 est,
565 3620 660 3705 legati
679 3620 887 3683 Helvetiorum
916 3621 1015 3684 minus
1048 3619 1229 3702 placabilem
1257 3620 1394 3700 impera·

298 3739 408 3812 torem,
432 3749 470 3795 an
491 3731 617 3793 militem
632 3730 822 3794 invenerint:
846 3730 978 3794 civitatis
998 3731 1151 3795 excidium
1170 3736 1311 3812 poscunt,
1334 3729 1394 3792 tela

300 3859 337 3904 ac
357 3857 465 3904 manus
488 3841 520 3902 in
552 3858 607 3904 ora
628 3839 800 3924 legatorum
832 3839 991 3902 intentant.
1045 3839 1092 3904 Ne
1111 3839 1250 3903 Vitellius
1272 3838 1394 3920 quidem

299 3951 389 4013 minis
412 3969 449 4012 ac
468 3949 571 4012 verbis
594 3951 806 4032 temperabat3
828 3968 922 4031 quurn
944 3949 1089 4012 Claudias
1109 3949 1241 4028 Cossus,
1262 3965 1342 4012 unus
1356 3966 1395 4010 ex

296 4059 419 4149 legatis,
446 4066 539 4123 notae
562 4059 735 4140 facundiae,
761 4059 818 4124 sed
840 4059 963 4124 dicendi
984 4067 1080 4124 artem
1102 4065 1170 4141 apta
1190 4059 1395 4140 trepidatione

299 4231 590 4250 mm

345 4305 386 4380 ἰ)
408 4309 502 4384 racc,
522 4309 592 4365 aar.
611 4312 629 4365 t.
646 4312 696 4382 rv,
717 4324 742 4365 ο.
757 4314 793 4366 ss
811 4313 840 4365 et
858 4313 901 4365 aa.
