3140 5076
699 269 949 346 ...48-

262 469 327 558 ‚bat
348 468 524 554 Burdigala,
547 468 686 550 ,ultimus
710 471 875 538 Galliarum
898 487 1053 551 recessus,
1077 487 1135 552 qua
1160 470 1231 534 litus
1252 471 1369 536 Oceani

274 581 435 645 cadentem
458 582 571 664 excipit
590 583 687 647 solem
710 589 741 646 et
760 583 971 646 deficientibus
999 582 1091 646 terris
1110 582 1232 645 sociale
1255 582 1370 646 misce-

272 696 321 753 tur
343 691 545 756 elementum
564 700 597 754 ut
618 681 722 756 verbis
744 700 813 757 utar
834 692 933 758 Latini
954 693 1056 756 Pacati
1069 698 1105 773 ¹).
1148 691 1317 772 Ausonius,
1339 699 1370 755 ct

271 801 338 882 ipse
359 801 602 885 Burdigalensis,
625 804 861 885 grammaticus,
884 781 1006 881 rhetor,
1030 805 1137 884 poeta,
1161 808 1286 882 orator,
1309 820 1367 883 pa-

270 910 360 973 triam
386 910 425 973 dc
447 911 554 974 litteris
576 912 656 975 hene
679 914 819 977 meritam
841 913 984 977 versibus
1020 912 1155 975 celebrat
1177 912 1209 973 in
1231 911 1369 974 Commo-

270 1019 439 1081 moratione
456 1022 668 1101 proseeeorom
681 1021 954 1103 Bardipateastam,
977 1040 1065 1103 quem
1080 1021 1198 1085 titulum
1212 1021 1366 1102 praefixe-

269 1134 339 1191 runt
361 1129 495 1210 ,libello,
521 1136 553 1193 ut
575 1131 617 1194 ait
636 1131 702 1212 ipse
724 1135 832 1212 poeta,
855 1132 907 1212 qui
927 1130 1250 1194 commemorationem
1273 1130 1366 1193 hahet

270 1251 387 1318 eorum,
411 1239 534 1319 quiret
557 1239 714 1323 peregrini
739 1233 943 1323 Burdigalae,
974 1241 1022 1305 vel
1051 1242 1102 1323 qui
1125 1238 1364 1322 Burdigalenses

269 1348 401 1429 peregre
425 1345 666 1425 docueramus
709 1348 837 1413 Addidit
859 1357 889 1412 et
910 1350 1159 1433 Burdigalenses,
1184 1351 1287 1430 quiin
1308 1368 1365 1432 pa-

269 1459 327 1521 tria
349 1458 426 1521 urbe
447 1459 564 1522 litteras
586 1461 719 1541 professi
741 1467 812 1524 sunt
831 1463 912 1525 inter
931 1479 1027 1542 quos,
1050 1468 1148 1525 semet
1168 1461 1277 1541 ipsum,
1299 1459 1366 1522 cla-

269 1567 440 1646 rissimum,
478 1568 608 1646 omittit3
640 1569 720 1633 ultra
754 1569 880 1650 triginta
914 1570 1132 1652 grammaticos
1165 1575 1195 1630 et
1223 1569 1364 1632 rhetores

272 1685 502 1740 commemorat.
546 1679 580 1741 ln
602 1698 670 1742 eam
691 1680 799 1742 urbem
822 1687 1032 1744 convenerunt
1056 1680 1270 1762 professores,
1302 1696 1364 1743 non

272 1784 372 1848 solum
394 1805 412 1850 e
433 1786 528 1850 variis
551 1786 716 1851 Galliarum
737 1789 924 1870 provinciis,
944 1806 1051 1852 verum
1074 1807 1091 1852 e
1114 1788 1290 1871 longinquis
1310 1806 1367 1850 re-

270 1893 432 1975 gionibus,
457 1897 588 1978 exempli
610 1899 726 1980 gratia,
751 1898 913 1980 Syracusis
937 1897 1086 1976 Citarius,
1108 1897 1189 1960 inter
1210 1915 1368 1980 gramma-

271 2002 351 2066 ticos
375 2005 546 2070 celebratus
558 2009 609 2087 3);
631 2025 670 2069 ex
691 2007 805 2088 Attica,
829 2006 996 2070 Censorius
1015 2007 1212 2089 Agriciust).

292 2099 295 2106 ’
370 2114 554 2179 tolosanae.
567 2115 736 2190 cathedrae⁴
752 2115 925 2197 complures
942 2115 1138 2196 professores
1158 2134 1214 2179 suo
1230 2121 1369 2197 ternpore

265 2223 414 2286 'celebres
431 2225 568 2288 nominat
579 2225 736 2290 Ausonius
744 2247 753 2304 ;
770 2224 914 2290 Sidonius
926 2224 1009 2307 item,
1024 2226 1154 2306 primum
1167 2243 1242 2289 vero
1255 2225 1368 2288 Christi

273 2334 487 2398 consessorem
511 2351 600 2414 quem

323 2476 325 2480 .
440 2441 543 2504 Vinxit
565 2442 604 2505 ad
626 2442 706 2505 tauri
727 2442 805 2505 latus
829 2441 957 2525 iniugati
1001 2471 1003 2476 ·

525 2549 614 2614 Plebs
638 2551 840 2615 furibundae
948 2593 950 2596 -

442 2662 479 2725 Ut
501 2678 556 2744 per
580 2661 737 2742 ahruptum
765 2662 846 2726 bore
869 2663 1033 2743 concitato,

440 2770 605 2853 spargeret
627 2789 734 2835 cursus
753 2771 892 2835 'lacerum
916 2772 1050 2836 cadaver

389 2895 393 2902 ’
441 2879 585 2945 Cautibus
608 2881 695 2944 tincti
718 2881 817 2945 calida
836 2883 928 2966 schrti

319 3061 324 3066 ,
527 2988 608 3053 Pulte
632 2991 753 3055 cereBri
769 2997 808 3069 ⁵);

275 3093 431 3159 Ausonios
455 3098 486 3159 in
508 3099 684 3162 Gratiarum
707 3102 827 3162 aeaeae
847 3105 1068 3163 commemorat
1091 3098 1279 3181 ,gloriosum
1302 3117 1372 3162 nra-

275 3207 405 3288 gistrnm
428 3208 478 3288 qui
500 3208 713 3288 municipalem
744 3209 883 3272 scholam
910 3210 990 3289 apud
1013 3194 1227 3274 Visontionem
1247 3208 1373 3291 Lugdu-

275 3332 408 3395 numque
429 3315 589 3378 variavit.“
632 3318 697 3381 Nec
717 3317 870 3384 obscurae
902 3325 989 3382 eraut
1005 3318 1137 3382 scholae
1160 3318 1371 3384 Narb0nensis

275 3428 306 3484 et
332 3422 542 3500 Pictaviensis.
586 3425 619 3486 ln
654 3424 776 3488 laudem
798 3425 963 3489 Galliarum
985 3427 1159 3493 scholarum
1190 3428 1222 3489 in
1255 3443 1372 3509 genere

275 3529 387 3595 afferre
406 3549 565 3614 possemus
589 3534 736 3614 permulta
763 3541 939 3616 oratorum,
962 3541 1138 3617 poetarum,
1160 3537 1371 3615 litteratorum,

276 3639 436 3706 doctorum
450 3641 592 3710 ,nomina
627 3644 678 3724 qui
710 3645 839 3724 patriam
862 3645 1069 3726 scientiasque
1091 3645 1371 3722 honoraveruntt).

331 3869 360 3935 l)
379 3869 514 3938 roceam.
534 3869 598 3941 XX,
617 3884 641 3923 c.
659 3873 685 3925 2.

330 3964 362 4028 2)
382 3962 484 4020 Aaron.
505 3966 602 4019 lectori
619 3981 668 4019 sao
688 3969 721 4018 ad
739 3967 865 4034 deoplr.
884 3969 1011 4023 Heroum.

330 4059 361 4123 ³)
381 4057 482 4111 Aaron.
500 4061 624 4127 Proreus.
645 4063 733 4115 Βανά.
754 4065 836 4135 X1113
855 4067 926 4117 inira
945 4067 988 4118 57.

330 4154 362 4217 4)
385 4153 424 4204 It.
444 4155 519 4206 xlv.
583 4205 587 4212 ,
930 4170 934 4183 ·

336 4215 674 4319 mmmwm

271 4339 274 4344 ’
331 4348 361 4426 Bp
379 4345 442 4400 th
460 4347 529 4403 litat.
547 4346 627 4404 littera
645 4351 679 4406 de
696 4351 727 4404 lo
740 4348 857 4419 stenae,
876 4353 907 4407 Τ.
924 4353 946 4408 l.
965 4355 994 4406 P.
1014 4353 1050 4424 lt,
1068 4353 1182 4406 17-19.
