3140 5076
635 309 881 384 ...47-

215 515 294 582 puae
317 497 474 581 pollebant
496 504 526 561 et
546 498 720 562 eminebant
742 497 924 563 claritudine
943 501 1187 577 praeceptorum,
1212 497 1312 561 forta-

215 629 285 675 nam
307 609 521 691 amplificavit„
554 608 628 670 Cum
650 609 798 673 hactenus
821 610 852 671 in
884 608 993 689 paucis
1014 613 1129 670 tantum
1152 611 1312 687 metropo-

216 720 295 783 libus
316 719 443 783 scbolae
464 736 520 782 seu
540 719 735 800 professores
758 719 960 798 haberentur,
991 717 1094 782 statuit
1117 717 1147 779 in
1172 716 1311 780 omnibus

217 827 436 911 metropolibus
467 847 521 892 scu
556 829 811 910 frequentissimis
846 828 1018 892 civitatibus
1051 843 1107 892 eos
1141 827 1311 891 habendos.

216 940 312 1003 Porro
333 957 373 1001 ne
395 937 521 1019 amplius
542 938 738 1018 professores
761 938 800 1000 de
823 938 965 1001 tenuibus
995 943 1025 1000 et
1055 933 1183 1001 exilibus
1207 937 1314 1000 cutbe-

219 1048 293 1127 dris,
314 1047 414 1129 deque
438 1049 571 1128 paupere
594 1047 656 1110 vita
679 1047 767 1128 queri
786 1053 934 1127 possent,
959 1046 1050 1109 sicuti
1071 1063 1134 1109 ncn
1156 1063 1218 1109 unc
1241 1046 1312 1108 loeo

216 1154 389 1236 Ausonius,
419 1155 517 1220 voluit
539 1156 700 1220 Gratianus
731 1161 847 1219 certum
869 1155 1013 1219 salarium
1034 1155 1110 1235 ipsis
1134 1155 1276 1218 constitui
1289 1175 1320 1220 *e

215 1267 303 1346 fisco,
325 1267 392 1330 sive
414 1265 537 1346 lmperii
558 1264 675 1343 fiscum,
699 1265 767 1327 sive
787 1265 870 1327 vires
892 1265 1039 1344 cuiusque
1053 1243 1242 1343 reipublicae
1264 1271 1315 1328 aut

220 1375 351 1441 civitatis
381 1374 555 1458 intelligere
587 1373 752 1437 debeamus
768 1381 803 1450 ¹).
847 1374 930 1453 „Nec
960 1390 1035 1436 vero
1064 1372 1235 1435 iudicemus
1267 1373 1313 1436 sio

217 1485 278 1548 fert
299 1485 365 1566 ipsa
386 1483 447 1563 lert,
469 1483 598 1547 liberum
618 1491 650 1547 ut
676 1485 716 1548 sit
737 1484 847 1566 cuique
876 1483 992 1546 civitati
1008 1500 1088 1546 ⁴sancus
1116 1482 1261 1546 doctores
1284 1489 1315 1546 et
1349 1525 1354 1538 ·

218 1594 382 1677 magistros
412 1592 524 1674 placito
558 1594 617 1657 sibi
649 1595 756 1657 iuvare
791 1593 984 1675 compendio.
1039 1593 1235 1656 trevirorum
1263 1594 1314 1657 vel

218 1702 409 1766 clarissimae
439 1702 554 1765 civitati
584 1703 709 1764 uberius
739 1702 854 1784 aliquid
880 1703 1052 1782 putavimus
1082 1681 1313 1766 deferendumss

216 1811 285 1892 lpse
306 1810 472 1894 Augustus,
496 1828 576 1874 anno
591 1811 668 1875 3760
689 1829 749 1893 quo
771 1812 851 1876 banc
874 1812 941 1873 tulit
949 1809 1076 1894 legem,
1092 1813 1242 1895 annisque
1257 1831 1312 1877 se-

218 1921 379 2002 quentibus
402 1921 544 1984 Treveris
566 1927 701 1985 moratus
725 1929 780 1985 est.
825 1923 894 1986 Non
914 1922 1022 1984 mirum
1046 1922 1126 2003 quod
1152 1923 1208 1985 sub
1233 1923 1313 1986 Gra-

217 2030 300 2092 tiano
324 2033 444 2111 etpost
465 2027 532 2093 eius
555 2035 692 2111 tempora
721 2031 821 2093 studia
845 2031 877 2092 in
900 2029 1005 2093 Galliis
1039 2031 1080 2093 ita
1111 2029 1258 2095 florerent
1280 2039 1314 2095 ut

215 2138 357 2204 rhetores
380 2138 452 2201 inde
472 2141 599 2204 Romam
622 2140 847 2216 excirentur2).

316 2249 413 2322 Quam
433 2247 555 2310 laudem
577 2248 724 2311 Mosellae
758 2248 864 2309 tribuit
885 2247 1062 2325 Ausonius,
1085 2265 1153 2310 eam
1180 2254 1210 2311 et
1238 2267 1313 2313 cae-

215 2361 349 2420 terarum
371 2356 536 2420 Galliarum
567 2356 652 2418 fluvii
685 2362 746 2418 tum
779 2356 952 2437 complures
983 2355 1143 2420 vindicare
1176 2357 1234 2421 sibi
1255 2376 1314 2439 po-

216 2466 364 2530 tuissent:
541 2468 544 2480 *
716 2443 721 2452 ¹
829 2543 833 2552 q

340 2574 439 2654 Salve,
463 2565 575 2656 magne
596 2593 709 2655 parens
731 2574 915 2656 frugumque
936 2575 1106 2657 virumque,
1128 2576 1268 2659 Mosella,

336 2683 378 2747 'la
401 2683 477 2746 clari
500 2701 659 2765 proceres,
684 2689 714 2746 te
736 2683 819 2747 bello
842 2685 980 2749 exercita
1002 2684 1109 2765 pubes,

338 2791 468 2865 Aemula
489 2797 519 2855 te
541 2792 644 2857 Latiae
666 2793 794 2856 decorat
818 2793 963 2856 facundia
987 2794 1121 2876 linguae.
1252 2875 1256 2883 x

342 2900 422 2973 Quin
444 2899 535 2963 etiam
554 2919 658 2966 mores
672 2909 710 2970 ot
730 2902 842 2966 laetum
866 2902 1100 2966 frontetserena
1190 2929 1192 2934 ·

339 3006 497 3088 Ingenium
518 3007 631 3073 Natura
652 3011 711 3073 tuis
735 3011 890 3074 concessit
912 3008 1058 3088 alumnis-3
1121 3077 1124 3084 ,
1235 3073 1239 3080 .

337 3115 403 3178 Nec
424 3115 491 3178 sola
512 3116 652 3196 antiquos
673 3124 805 3182 ostentat
825 3121 921 3185 Roma
944 3119 1087 3197 Catones,

335 3223 397 3288 Aut
417 3241 496 3288 unus
517 3231 632 3288 tantum
654 3227 725 3290 iusti
748 3234 903 3310 spectator
928 3235 959 3291 et
980 3229 1071 3310 aequi

310 3357 313 3360 ·
335 3331 431 3398 Pcllet
452 3319 606 3400 Aristides
628 3344 811 3418 veteresque
834 3338 963 3402 illustrat
984 3337 1122 3401 Athenas
1131 3340 1176 3419 3).’
1288 3337 1295 3344 ’

308 3460 389 3525 lnter
412 3467 551 3526 caeteras
575 3462 726 3540 civitates,
748 3481 860 3546 magna
880 3465 1050 3558 litterarum
1070 3463 1161 3528 laude
1183 3462 1326 3546 gaude.

206 3635 504 3656 mv*-

261 3747 291 3815 1)
311 3750 372 3804 vm.
390 3755 549 3808 (lothofredi
567 3759 818 3823 interpretationem
832 3761 860 3808 in
877 3760 897 3808 l.
916 3771 941 3809 c.

260 3847 292 3910 2)
313 3848 502 3921 Symmachus,
519 3854 576 3907 l..l.
600 3868 641 3918 ep.
660 3858 677 3904 9
698 3858 725 3905 et
743 3857 796 3920 883
817 3854 862 3904 lib.
882 3855 931 3922 lll,
950 3865 992 3917 ep.
1004 3853 1049 3904 60.

261 3943 292 4010 a)
310 3942 431 3996 Mosella
443 3955 456 4013 ,·
476 3961 503 3996 v.
522 3947 672 4000 ael-³88.
709 3952 794 4000 Huius
814 3949 944 4014 poematis
964 3946 1191 3999 absolutissimam
1208 3945 1309 3996 editic-

305 4052 378 4108 nem,
398 4043 477 4093 docto
498 4049 690 4096 commentario
704 4050 732 4096 et
750 4046 857 4108 poetica
869 4047 995 4096 versione
1014 4046 1171 4110 germanica
1189 4045 1308 4110 auretam,

307 4139 336 4187 in
353 4137 442 4187 lucem
460 4140 590 4208 protulit,
608 4141 698 4191 nmltis
713 4117 868 4194 'nominibus
891 4141 1001 4191 illustris
1025 4141 1134 4206 collega
1152 4152 1230 4190 meus
1251 4137 1305 4190 Ed.

302 4230 435 4300 Bdclttnp,
454 4235 550 4285 iterum
568 4237 640 4312 typis
657 4232 807 4300 inpressam
826 4239 854 4285 in
870 4231 1047 4288 Jutrbucbar
1062 4237 1110 4288 des
1124 4234 1237 4289 veretas
1253 4245 1309 4285 coa

302 4326 597 4397 Attertbumsfiaondea
613 4329 651 4384 tm
667 4330 838 4386 Rbeintcode
855 4331 916 4400 Vll.
934 4333 1023 4402 Bono,
1042 4331 1120 4386 meo.
