3140 5076
679 289 925 359 ...28-

253 472 385 537 tationes
405 473 596 554 activamque
618 473 709 536 vitam
732 473 830 536 oculis
863 473 977 537 nostris
1000 471 1224 554 quodammodo
1250 471 1349 536 subii-

255 581 295 646 cit
310 589 346 663 ¹).
391 583 419 646 ls
443 599 572 663 quoque,
598 582 687 644 sicuti
710 581 929 660 Quintilianus,
952 581 1077 664 ingenia
1101 587 1132 644 et
1152 580 1251 646 studia
1272 581 1351 644 intra

252 692 391 756 sanitatis
411 699 442 754 et
454 692 595 756 sincerae
615 697 741 755 naturae
761 691 837 755 fines
860 691 1017 756 continere
1040 691 1176 769 annisus,
1201 691 1351 772 eloquen-

253 801 315 866 tiae
338 801 517 882 virtutisque
539 800 670 883 gloriam
693 801 886 864 coniunctam
909 819 980 865 esse
1002 802 1156 865 censebat.

227 979 229 983 ,
335 911 404 974 Non
419 911 459 973 ita
476 910 568 974 multo
583 917 651 992 post
667 916 879 976 commutatam
893 911 1088 992 Reipublicae
1100 910 1240 990 formam,
1264 927 1351 974 oom-

252 1019 360 1084 mutari
387 1022 488 1101 coepit
518 1020 701 1101 eloquentia.
744 1020 794 1083 Ad
823 1019 996 1083 facundiam
1029 1020 1180 1084 concinna
1214 1020 1349 1084 novitate

254 1128 464 1209 splendentem
495 1131 640 1212 propensi
668 1136 872 1212 apparuerunt
901 1134 1050 1192 oratores.
1093 1128 1349 1192 Latociceronis

253 1236 369 1301 {lumini
396 1239 611 1318 praeferebant
631 1239 748 1303 rivulos
782 1243 1003 1302 murmurantes
1035 1244 1086 1300 aut
1116 1255 1208 1317 super
1241 1237 1350 1318 lapillis

257 1347 474 1428 crepitantibus
501 1350 628 1412 llnentes
636 1370 645 1427 3
669 1348 799 1412 sortibus
820 1348 972 1427 sensibus,
998 1347 1138 1412 acumina
1161 1352 1191 1410 et
1211 1341 1291 1411 inter
1311 1364 1346 1411 se

258 1461 412 1518 certantes
437 1453 627 1530 ἀντιθέσεις.
669 1456 767 1536 lpsam
791 1456 926 1538 linguam
947 1456 1036 1518 novis
1059 1455 1213 1519 illecebris
1237 1470 1349 1520 ornare

252 1563 422 1628 voluerunt.
470 1565 658 1643 ,Verborum
681 1565 816 1647 figurae,
841 1567 883 1629 ait
905 1564 1141 1644 Quintiliamun,
1164 1571 1195 1628 et
1216 1570 1347 1629 mutatae

254 1676 324 1736 sunt
344 1690 475 1753 semper,
501 1680 530 1746 et
552 1680 705 1755 utcunque
730 1673 824 1736 valuit
845 1673 1053 1752 consuetudo,
1082 1678 1243 1737 mutantur.
1288 1673 1350 1735 ltn-

253 1798 311 1861 que
331 1781 360 1843 si
382 1780 555 1861 antiquuum
574 1799 751 1858 ¹sermonem
770 1789 876 1846 nostro
901 1799 1137 1863 comparemus,
1157 1797 1255 1862 paene
1276 1781 1347 1860 iam,

255 1888 401 1970 quidquid
422 1890 595 1971 loquimur,
626 1891 723 1972 ligura
747 1897 793 1954 est
805 1898 865 1969 ²)ss
907 1892 969 1971 ,lta
990 1891 1071 1956 enim
1094 1897 1200 1954 natura
1225 1907 1350 1971 compa·

251 2000 311 2062 rati
333 2017 453 2078 sumus,
479 2000 602 2081 scripsit
621 1979 893 2084 wyttenbachius?
902 2007 934 2064 ut
956 2001 1067 2082 optima
1091 2017 1230 2081 quaeque
1252 2000 1346 2081 longo

253 2125 310 2174 usu
332 2109 422 2172 nobis
445 2109 645 2192 sordescant,
676 2117 706 2174 et
728 2128 808 2175 nova
834 2111 978 2192 deinceps
1008 2110 1067 2175 alia
1093 2127 1131 2174 ex
1151 2108 1220 2173 aliis
1245 2108 1351 2189 cupia-

254 2236 330 2282 mus.
377 2221 499 2300 Quare,
523 2239 596 2284 vera
620 2239 755 2303 sanaque
781 2221 955 2302 eloquentia
980 2237 1069 2302 quum
1091 2217 1289 2284 similitudine
1313 2235 1351 2280 ac

255 2328 447 2409 simplicitate
468 2334 595 2392 naturae
621 2330 826 2409 constitisset,
861 2331 983 2393 luerunt
1005 2328 1082 2392 levis
1111 2327 1229 2410 ingenii
1250 2326 1352 2391 homi-

252 2453 325 2516 nes,
349 2438 418 2516 qui,
440 2437 543 2500 taedio
567 2439 748 2506 constitutae
767 2439 897 2502 rationis
921 2443 950 2502 et
969 2439 1144 2520 ignorantia
1165 2436 1260 2516 recti,
1290 2453 1351 2500 no·
1424 2474 1425 2478 =

250 2561 320 2606 vum
351 2549 381 2606 et
403 2544 569 2610 mirabilius
592 2552 912 2628 quaererentlgenus.
956 2547 1045 2622 Quod
1069 2564 1168 2628 genus
1191 2563 1281 2627 quum
1312 2545 1344 2607 in

250 2650 403 2733 publicum
427 2653 626 2733 proderetur,
649 2660 807 2734 patronam
831 2655 948 2716 invenit
969 2654 1212 2733 multitudinem,
1235 2659 1268 2716 ut
1287 2653 1346 2720 ittt-

253 2760 379 2840 peritam
402 2762 443 2826 ita
472 2763 615 2826 novitatis
643 2762 878 2826 admiratricem.
921 2764 988 2826 Hoc
1017 2769 1070 2826 est·
1095 2762 1168 2826 illud
1195 2762 1343 2826 acuminis

252 2875 282 2932 et
312 2872 498 2954 argutiarum
527 2872 675 2951 studium,
713 2873 794 2954 quod
820 2873 939 2936 Florum
964 2874 1103 2954 altosque
1134 2872 1232 2954 cepit,
1266 2871 1348 2954 quod

251 2981 415 3060 prudentes
445 2982 535 3045 etiam
550 2981 641 3053 ‚viros
664 2983 833 3062 Velleium,
867 2983 1016 3048 Senecam
1048 2988 1078 3046 et
1106 2988 1266 3062 utrumque
1288 2980 1350 3043 Pli-

253 3088 335 3152 nium
362 3090 468 3154 inlecit
482 3093 539 3168 ³).“
582 3091 664 3155 Inter
684 3093 828 3156 novitatis
860 3091 1016 3166 studiosos
1044 3089 1212 3170 scriptores
1236 3088 1349 3170 primas

254 3199 383 3261 obtinuit
403 3199 498 3261 lllaroi
533 3197 654 3260 Annaei
684 3201 822 3264 Senecae
853 3199 986 3260 rhetoris
1015 3195 1110 3274 filius,
1143 3196 1257 3256 metm
1278 3195 1348 3258 An-

194 3361 196 3365 .
250 3323 346 3366 naeus
368 3305 494 3385 Seneca,
516 3304 725 3386 philosophus.
774 3306 830 3368 llic
850 3304 967 3386 ingenii
988 3303 1144 3382 acumine,
1172 3300 1290 3364 lestinis
1316 3307 1347 3365 et

240 3394 315 3476 ⁴arte
337 3414 513 3493 compositis
534 3413 714 3492 sententiis,
736 3413 918 3494 scriptorum
940 3413 1109 3492 varietate,
1137 3427 1254 3476 sumrm
1274 3410 1346 3472 ani-

251 3539 317 3584 mos
338 3522 470 3603 regundi
493 3521 668 3602 cupiditate,
692 3522 893 3587 immoderata
916 3523 1072 3602 vanitate,
1099 3520 1186 3585 Gallo
1207 3519 1344 3586 Voltaire

251 3629 331 3693 baud
354 3629 517 3709 absimilis,
551 3647 610 3692 una
639 3631 671 3691 in
700 3650 736 3695 re
758 3630 851 3714 longe
875 3630 971 3694 abluit
990 3637 1023 3692 ut
1043 3630 1082 3693 ad
1100 3629 1190 3694 lmus
1212 3628 1344 3713 gloriam

251 3739 423 3803 accederet.
469 3739 722 3804 Luculentissimo
749 3741 867 3822 pulchri
901 3757 994 3804 sensu
1021 3739 1177 3822 praeditus
1198 3739 1345 3817 Voltaira,

247 3923 536 3939 naun———m--n

303 4029 331 4097 t)
350 4031 389 4080 tte
407 4030 544 4080 sirasorlls
561 4032 590 4080 et
603 4028 804 4081 commoveretis
822 4031 902 4095 plene
919 4030 1027 4094 scripsit
1043 4027 1170 4080 Bennett.
1189 4040 1213 4090 p.
1228 4024 1342 4078 10-29.

350 4125 394 4175 ct.
412 4125 487 4176 atat.
508 4125 541 4176 de
560 4127 742 4177 onerastis.

306 4223 337 4292 2)
358 4221 382 4274 1.
402 4223 433 4273 0.
452 4224 486 4274 Ιι.
498 4221 547 4289 lx,
567 4234 590 4272 c.
609 4223 636 4271 8.
654 4223 711 4270 init.

301 4320 334 4383 8)
353 4309 423 4371 bot.
442 4315 501 4370 crit.
519 4318 547 4368 P.
566 4318 602 4388 V,
620 4318 679 4368 sive
696 4315 759 4367 Vol.
777 4316 813 4386 n,
831 4317 860 4367 P.
880 4319 902 4386 l,
920 4329 945 4382 p.
957 4315 990 4367 lt
1011 4316 1039 4367 et
1058 4314 1100 4368 ib.
