3140 5076
680 243 930 314 ..oo-

257 447 400 515 maguun
430 434 586 497 ursorum
617 449 775 500 numerum
810 433 933 515 protulit
961 430 1066 515 ibique
1096 432 1201 498 eximii
1231 437 1355 515 patroni

258 548 288 605 et
306 541 465 622 pecuniam
488 547 520 606 et
540 541 719 625 dignitatem
740 542 938 624 acquirebant
949 549 985 624 ¹)

474 756 502 838 §.
523 762 554 824 u
596 753 774 828 merorum
793 756 931 823 scholae
952 760 987 822 tro
1009 753 1135 822 Gallio.

356 919 615 999 Sicuti'llomae,
652 919 693 984 ita
724 920 755 981 in
788 918 895 984 Galliis
929 919 1101 984 scholarum
1132 923 1195 983 tres
1225 919 1350 1001 gradus.

258 1027 347 1092 Pueri
369 1029 584 1111 grammaticos
607 1028 730 1094 adibant
747 1029 797 1110 qui
813 1046 867 1092 eos
883 1028 987 1110 primis
1002 1028 1169 1092 litterarum
1193 1025 1350 1092 elementis

257 1119 428 1202 imbuerent
448 1144 479 1201 et
499 1138 674 1202 rhetoricae
694 1137 919 1219 praeluderent.
970 1139 1032 1204 Sub
1052 1137 1227 1201 rhetoribus
1254 1145 1351 1202 autem

257 1248 384 1313 iuvenes
407 1247 525 1329 studiis,
549 1267 626 1330 quae
647 1266 705 1312 nos
730 1247 888 1331 generalia
912 1265 1080 1328 vocamus,
1110 1266 1234 1328 operam
1256 1265 1353 1312 nava-

258 1357 331 1421 bant
365 1362 399 1420 ut
432 1357 624 1438 eloquentiae
651 1357 840 1438 potissimum
872 1362 967 1421 artem
993 1357 1168 1437 discerent,
1201 1364 1290 1438 atque
1314 1357 1352 1420 ad

257 1467 359 1531 omnia
382 1465 522 1547 publicae
544 1466 625 1529 vitae
647 1481 762 1548 genera
786 1471 1050 1548 praepararentur.
1101 1466 1162 1530 Sed
1192 1467 1219 1530 is
1250 1471 1352 1529 rectus

255 1574 424 1639 studiorum
449 1575 526 1638 ordo
549 1592 611 1638 non
639 1593 761 1657 semper
783 1576 972 1640 servabatur.
1030 1575 1216 1658 ,Rhetores,
1247 1576 1350 1656 utique

254 1685 362 1766 nostri,
387 1685 429 1749 ait
451 1683 663 1766 Quintilianus,
687 1703 758 1749 suas
780 1691 882 1766 partes
904 1686 1086 1764 omiserunt,
1109 1691 1139 1748 et
1159 1685 1348 1768 grammatici

253 1793 369 1857 alienas
392 1801 618 1874 occupaverunt
637 1841 644 1856 .
660 1842 690 1858 ..
712 1796 790 1858 ilinc
811 1813 887 1878 ergo
909 1795 1033 1874 accidit,
1054 1801 1096 1873 ut,
1121 1812 1198 1875 quae
1222 1776 1345 1857 alterius

255 1903 328 1966 artis
350 1902 447 1984 prima
463 1909 550 1966 erant
566 1920 670 1983 opera,
684 1903 763 1967 lacta
782 1905 843 1968 sint
857 1904 982 1969 alterius
998 1904 1181 1968 novissima:
1206 1910 1236 1966 et
1253 1909 1348 1983 aetas,

258 2010 417 2076 altioribus
438 2013 497 2076 iam
519 2011 688 2093 disciplinis
712 2007 829 2094 debita,
855 2013 887 2076 in
910 2013 1018 2077 schola
1042 2014 1160 2076 minore
1185 2013 1350 2092 subsideat,

256 2138 293 2183 ac
315 2121 493 2186 rhetoricen
517 2121 595 2203 apud
616 2123 833 2204 grammaticos
857 2127 1002 2188 exerceat
1012 2127 1070 2202 ²).“
1113 2117 1137 2186 E
1158 2121 1206 2185 his
1227 2121 1351 2201 scholis,

256 2232 306 2313 qui
330 2233 470 2299 dicendis
500 2234 601 2298 causis
626 2252 728 2299 curam
760 2234 937 2316 impendere
965 2239 1111 2316 cuperent
1140 2231 1179 2296 ad
1202 2232 1353 2313 iurispru-

256 2342 377 2408 dentiae
394 2345 556 2426 legumque
579 2344 709 2406 studium
725 2345 1011 2426 progrediebantur,
1036 2345 1181 2427 quivero
1205 2342 1352 2405 scientiae

253 2469 348 2532 purae
367 2467 426 2515 nec
444 2451 635 2532 pecuniosos
657 2451 822 2532 imaginem
840 2451 934 2514 menti
959 2449 1080 2513 inlixam
1103 2449 1257 2529 tenebant,
1282 2448 1354 2530 plri-

253 2559 413 2640 losophiac
431 2561 505 2623 totis
525 2561 617 2624 animi
640 2560 756 2624 viribus
777 2579 847 2623 sese
870 2558 1064 2623 addicebant.

353 2668 387 2731 ln
410 2667 526 2749 Gallia,
561 2675 651 2751 prout
675 2669 821 2750 temporis
844 2675 875 2732 et
894 2669 996 2750 gentis
1018 2667 1139 2736 indoles
1157 2671 1222 2730 erat
1242 2673 1272 2730 et
1293 2665 1353 2729 do-

254 2779 405 2843 minorum
425 2778 550 2862 politica
564 2777 723 2859 calliditas,
746 2779 900 2843 rhetorum
915 2779 1079 2862 praecipue
1098 2776 1224 2843 scholae
1237 2795 1349 2861 magna

255 2890 480 2955 existimatione
501 2889 678 2952 llorueruot.

352 2998 439 3063 llaud
460 2997 633 3062 nescientes
655 2998 857 3079 imperatores
881 3017 970 3080 mam
994 2998 1086 3062 facile
1109 2995 1270 3063 tolerando
1287 2995 1348 3058 im-

254 3111 340 3190 perio
364 3113 543 3173 assuescant
574 3106 730 3170 hominum
752 3116 869 3172 mentes
897 3109 1039 3171 institutis
1069 3105 1299 3169 humanioribus
1323 3109 1353 3166 et

253 3216 397 3298 praemiis
419 3233 497 3297 quae
520 3215 645 3296 ingenio
668 3213 846 3293 offeruntur,
874 3219 1076 3295 quantumque
1098 3219 1219 3292 gentem
1241 3210 1352 3289 loqua-

255 3325 345 3389 citate
364 3331 395 3387 et
407 3324 581 3405 eloquentia
600 3325 751 3406 insignem
775 3324 813 3386 ab
834 3323 925 3386 armis
943 3327 973 3386 et
994 3319 1167 3383 tumultibus
1185 3319 1223 3383 ad
1243 3317 1352 3400 pacib-

254 3450 322 3497 cam
354 3451 479 3496 arenam
506 3439 637 3497 avocent
668 3431 831 3496 facundiae
864 3429 1047 3507 certamina,
1079 3429 1185 3491 intenti
1207 3443 1282 3491 vero
1312 3427 1351 3490 ad

253 3542 421 3606 Romanum
440 3557 613 3605 sermonem
628 3539 868 3623 propagandum,
892 3555 991 3620 eoque
1005 3538 1152 3603 maiorem
1166 3537 1255 3602 iidem
1276 3555 1351 3620 erga

254 3670 320 3716 rem
341 3651 506 3716 Romanam
524 3651 746 3729 conciliantes,
770 3649 898 3731 primam
921 3647 1058 3730 publicas
1080 3648 1204 3714 omnino
1227 3647 1350 3712 scholas

254 3761 410 3826 rhetorum
445 3759 479 3823 in
501 3758 597 3825 Galba
618 3760 829 3840 instituerunt,
860 3759 952 3824 immo
978 3758 1151 3825 academias
1183 3757 1227 3825 uti
1257 3756 1351 3822 hodie

256 3869 361 3935 dicere
383 3869 527 3935 solenus.

355 3981 515 4062 Sapienter
538 3981 733 4048 constitutum
755 3980 851 4045 fuisse
878 3977 1047 4043 studiorum
1066 3976 1210 4042 ordinem
1232 3977 1268 4062 ¹in
1290 3975 1350 4041 illis

309 4181 448 4247 ipsam.
471 4181 595 4234 omaso.
616 4182 649 4235 L.
667 4183 699 4252 V,
717 4179 807 4247 praes.
824 4179 874 4232 sub
891 4177 980 4250 flnenr.

307 4275 659 4349 &lambiat
