3140 5076
633 280 882 352 ...qq-

202 481 399 552 tractassent,
422 473 553 555 pollutas
573 473 695 554 poenali
719 490 826 538 manus
849 477 991 536 contactu
1012 472 1051 535 ad
1074 489 1163 536 sacra
1184 472 1305 537 relere-

202 587 286 664 bant,
311 590 341 648 et
354 585 571 661 caerimonias,
595 601 670 664 quas
689 585 919 647 incestaverant
935 582 1098 661 mentibus,
1119 581 1211 645 etiam
1227 599 1303 645 cor-

202 695 328 777 poribus
350 693 516 775 impiabant
529 700 585 773 ¹).“
646 695 649 704 “

231 863 234 868 ,
301 807 428 869 Rectum
458 804 677 886 elegantiarum
707 802 886 883 pulchrique
917 819 1041 865 sensum
1064 801 1102 862 -in
1124 801 1303 881 Drepanio,

202 932 370 996 purumque
393 915 432 976 de
466 913 575 976 litteris
607 912 753 976 iudicium
783 911 1134 1002 admiransnusonius,
1166 910 1304 992 quamuis

202 1030 275 1088 natu
297 1025 411 1101 maior,
446 1040 514 1085 eum
537 1039 625 1103 quem
647 1021 739 1082 hlium
758 1027 850 1082 vocat
872 1037 1032 1084 censorem
1063 1037 1188 1082 suorum
1211 1019 1306 1102 elegit

202 1134 407 1214 scriptorum,
445 1133 490 1195 sic
512 1132 593 1193 enim
617 1147 684 1192 eum
718 1130 882 1209 alloquitur
908 1129 1018 1192 'dicans
1044 1129 1160 1191 ludum
1191 1134 1304 1208 septem

202 1242 380 1322 Summum
393 1248 442 1319 ²):
826 1297 827 1300 ,
1191 1253 1193 1258 ·

328 1350 502 1433 lgnosenda
525 1349 642 1413 isthaec
665 1367 703 1410 an
726 1349 946 1430 cognoscenda
971 1348 1080 1426 rearis,
1187 1416 1191 1422 ,

367 1459 502 1537 Attente,
525 1459 669 1540 Drepani,
691 1458 818 1540 perlege
841 1457 967 1520 iudicio.

328 1569 536 1650 Aequanimus
558 1567 627 1630 iiam
649 1574 680 1628 te
702 1566 823 1650 iudice:
845 1567 913 1628 sive
934 1566 1076 1648 legenda,

377 1679 448 1742 Sive
472 1676 607 1758 tegenda
628 1682 716 1756 putes
738 1675 884 1753 carmina,
908 1692 986 1755 quae
1008 1674 1158 1737 dedimus.

328 1789 403 1850 Nam
425 1788 553 1868 primum
577 1792 623 1848 est
643 1785 793 1849 meruisse
814 1790 907 1864 tuum,
931 1785 1052 1863 Pacate,
1074 1785 1242 1848 lavorcmt,

370 1895 510 1959 Proxima
531 1895 651 1958 defensi
674 1913 748 1958 cura
770 1893 897 1975 pudoris
921 1895 980 1956 crit
1002 1940 1169 1955 ......

329 2006 448 2068 lnterea
471 2005 589 2068 arbitrii
611 2004 766 2067 subiturus
787 2004 927 2085 pondera
948 2003 1035 2080 tanti,

372 2114 501 2195 Optabo,
520 2121 553 2176 ιιι
574 2114 732 2194 placeam:
755 2113 804 2175 sin
822 2113 933 2190 minus,
955 2118 987 2174 ut
1005 2112 1126 2176 lateam.

305 2225 482 2306 Quanquam
506 2224 647 2287 omnihus
670 2222 857 2303 temporibus
878 2223 970 2302 pleno
994 2239 1083 2285 amne
1105 2220 1214 2283 ilueret
1230 2221 1305 2285 Gal-

207 2332 266 2396 lica
290 2332 445 2410 secundia,
469 2332 623 2395 solemnes
646 2332 851 2414 panegyrici,
872 2332 1003 2394 maxima
1026 2349 1099 2394 cura
1119 2331 1304 2412 praeparati,

205 2443 384 2505 memoriter
411 2441 619 2520 habebantur,
653 2457 806 2522 nunquam
838 2421 1074 2504 effundebantur
1097 2459 1136 2503 ex
1156 2445 1304 2521 tempore.

204 2552 287 2630 ,Nec
308 2552 381 2615 mihi
401 2552 514 2629 verba,
537 2553 675 2632 quamvis
698 2552 866 2634 imparata,
891 2551 1105 2629 defuis‘sent,“
1128 2551 1169 2613 ait
1191 2548 1305 2612 Eume-

155 2665 158 2672 '
203 2660 274 2723 ntus
297 2662 497 2725 Constantino
523 2663 639 2743 gratim
673 2665 823 2744 agensi).
867 2661 960 2739 ,Quis
984 2662 1064 2722 enim
1099 2667 1149 2724 aut
1171 2679 1305 2741 praepa-

203 2787 274 2831 rare
301 2787 335 2832 se
369 2756 406 2833 ad
438 2771 586 2834 beneficia
617 2777 677 2834 tarn
700 2771 854 2851 insperata
875 2771 1045 2850 potuisset,
1082 2775 1133 2832 aut
1162 2771 1200 2832 ah
1221 2776 1304 2832 tanta

204 2877 408 2957 gratulatione
429 2878 610 2939 cohiberet?
631 2877 693 2939 Sed
719 2877 810 2940 habui
829 2878 980 2940 rationem
1003 2877 1064 2939 loci
1086 2896 1123 2940 ac
1145 2879 1302 2957 temporis

203 3003 244 3047 ne
276 3003 360 3048 meus
388 2985 439 3047 ille
472 2984 567 3048 ardor
594 2985 687 3047 animi
718 2984 911 3066 studiumque
942 2985 1066 3048 dicendi
1095 2985 1149 3046 tibi
1181 2985 1303 3064 quidem

205 3095 301 3174 (quod
334 3095 407 3156 mihi
440 3094 478 3156 ad
509 3094 766 3157 immortalitatem
802 3094 972 3169 sufficeret)
1008 3094 1214 3175 probaretur,
1246 3095 1302 3158 sed

146 3215 152 3222 '
204 3211 329 3286 propter
352 3205 561 3268 adsistentium
584 3206 766 3287 paucitatem
787 3205 908 3285 minus,
940 3222 1029 3285 quam
1050 3211 1081 3269 te
1102 3206 1228 3290 dignum
1250 3223 1304 3268 es-

204 3320 267 3392 set,
291 3314 350 3378 iret
371 3314 402 3376 iu
424 3314 575 3396 populos,
607 3316 632 3376 si
656 3321 709 3392 te,
740 3331 801 3377 uno
835 3313 885 3377 die
905 3314 944 3377 de
967 3314 1064 3378 salute
1084 3321 1189 3378 nostra
1211 3315 1302 3378 multa

202 3430 397 3502 tractantem,
426 3430 597 3488 moraretur
619 3425 735 3502 oratio,
763 3441 841 3504 quae
861 3441 917 3505 pro
940 3424 1150 3507 magnitudine
1173 3426 1301 3488 merito-

202 3549 268 3596 rum
292 3539 411 3596 tuorum
434 3534 580 3597 festinare
600 3551 663 3596 non
685 3539 820 3614 posset.“

301 3643 408 3706 Falsas
428 3643 605 3724 plerumque
628 3643 821 3723 eloquentiae
836 3642 894 3706 ista
909 3648 1103 3706 monumenta
1120 3660 1193 3706 vera
1207 3643 1300 3706 multa

202 3767 260 3812 nos
290 3749 403 3812 docent
427 3741 634 3840 superatam
669 3751 852 3814 Gallicarum
884 3751 1113 3833 provinciarum
1143 3755 1175 3813 et
1207 3767 1300 3832 super

202 3857 357 3922 hominum
378 3860 540 3924 mentibus.
564 3859 733 3924 ¹Nonnulla
763 3849 894 3941 exempli
927 3857 1027 3943 maiia
1055 3860 1197 3941 prolerre
1222 3860 1297 3923 satis

256 4135 268 4186 1
306 4147 331 4185 c.
350 4135 394 4187 89.

252 4143 286 4299 βξ
303 4228 433 4293 Mondou
450 4242 557 4296 quoque
573 4229 642 4284 111.
662 4223 688 4283 el
706 4233 850 4296 tascnpsic

253 4329 283 4395 a)
301 4325 361 4378 vu.
381 4338 405 4378 c.
425 4325 450 4378 ι.
