3140 5076
593 231 841 308 ...pp-

170 421 261 504 sulio,
282 422 373 504 primi
393 422 494 487 Aedui
516 429 691 489 senatorum
709 424 741 486 in
762 424 840 488 urbo
862 422 909 486 ius
933 421 1035 502 adepti
1056 426 1145 485 sunt:
1165 421 1267 486 tutam

171 531 202 594 id
224 531 345 596 foederi
364 533 508 613 antiquo,
532 539 563 594 et
584 533 654 614 quia
674 533 733 596 soli
757 531 913 596 Gallorum
936 530 1136 594 fraternitatis
1156 548 1269 592 nomen

170 660 240 704 cum
260 641 371 724 populo
395 643 533 708 Romano
555 639 759 724 usurpabant“
780 648 818 718 ¹).
855 640 1037 704 Affirmante
1057 640 1183 718 Tacito,
1204 657 1268 702 non

172 750 336 832 quidquam
357 751 499 832 publicae
520 753 633 814 merois
663 757 724 816 tam
745 750 855 816 venale
885 751 941 814 luit
962 757 1033 813 tuno
1058 767 1148 832 quam
1170 749 1271 813 advo-

173 867 309 924 catorum
330 861 467 942 perfidia.
512 862 546 924 ln
565 868 726 943 utramque
745 867 865 943 partem
886 858 1067 941 disputatum
1093 861 1125 924 in
1145 861 1270 937 Senatu,

174 971 213 1034 ab
233 971 302 1034 aliis
324 989 364 1034 ne
386 972 454 1052 quis
476 972 516 1034 ob
540 989 663 1036 eausam
686 971 834 1035 orandam
851 971 1019 1064 pecuniam
1039 970 1272 1034 donumve-ac-
1378 1021 1380 1024 .

174 1081 291 1160 ciperet
299 1103 308 1158 ;
331 1082 370 1146 ab
395 1081 464 1144 aliis
488 1100 541 1162 ne,
561 1082 689 1145 sublatis
713 1081 883 1146 sardiorunr
903 1082 1031 1162 pretiis,
1058 1081 1149 1144 etiam
1172 1079 1271 1144 studia
1303 1105 1307 1114 ·

172 1189 316 1269 perirent.
361 1188 506 1253 Claudius
535 1189 658 1253 tandem
697 1190 876 1280 ,capiendis
906 1190 1045 1270 pecuniis
1080 1189 1183 1270 posuit
1202 1206 1273 1250 mo-

122 1297 125 1302 ’
174 1296 263 1376 dum,
283 1315 381 1379 usque
405 1299 444 1362 ad
466 1299 546 1362 dena
566 1299 731 1377 sestertia,
764 1316 854 1381 quem
885 1299 1008 1382 egressi
1036 1297 1273 1379 repetandam

174 1412 380 1471 tenerentur.“
395 1415 422 1482 ²)
468 1407 576 1473 Obiter
597 1408 764 1472 notandum
785 1407 959 1486 Claudium,
984 1406 1198 1470 doctissimum
1210 1408 1274 1471 lm-

173 1523 349 1596 paratorum
371 1518 462 1600 primi
484 1517 603 1597 seculi,
639 1525 742 1582 natum
773 1524 804 1580 et
830 1535 959 1600 puerum
995 1517 1156 1594 educatum
1177 1517 1275 1583 subse

175 1625 207 1688 in
231 1625 338 1690 Gallia.
1152 1713 1155 1717 .
1216 1641 1218 1648 ·

275 1735 322 1796 De
350 1733 462 1796 Valerii
483 1734 633 1810 Asiatici,
655 1735 794 1798 Viennae
815 1735 846 1796 in
869 1733 966 1798 Gallia
986 1735 1104 1818 geniti,
1126 1735 1275 1820 singulari

178 1841 355 1922 eloquentia
380 1843 587 1906 testimonium
610 1843 692 1907 baud
715 1841 838 1906 dubium
859 1838 968 1911 reddit
980 1845 1129 1908 Tacitus·
1160 1846 1276 1908 Amore
1308 1925 1314 1934 ι

176 1949 338 2032 Poppaeae
357 1951 555 2014 Messalinam
584 1951 777 2030 offenderat,
805 1969 884 2033 quae
916 1959 1077 2033 praeterea
1105 1953 1204 2017 bortis
1225 1954 1277 2020 in-

178 2058 282 2122 hiabat
304 2076 381 2140 quos
403 2059 455 2122 illc
477 2059 656 2139 ditissimae,
681 2060 834 2124 aLuoullo
858 2065 997 2141 coeptos,
1017 2062 1133 2143 insigni
1154 2063 1278 2144 magni.

177 2167 301 2232 licentia
324 2169 499 2232 extollebat.
559 2171 686 2235 Suilium
708 2170 884 2236 accusando
908 2168 938 2230 ei
959 2169 1112 2247 immittit,
1147 2169 1198 2250 qui
1222 2184 1278 2249 per

177 2277 314 2358 speciem
335 2275 573 2346 benevolentiae
595 2286 736 2344 moneret
762 2279 930 2343 claudium.
974 2276 1144 2357 ,Valerius
1166 2276 1278 2340 vinclis

176 2387 300 2466 inditis,
335 2388 366 2450 in
387 2388 496 2451 urbem
516 2396 633 2471 raptusr
671 2391 778 2471 Neque
807 2389 879 2452 data
899 2380 1024 2452 senatus
1054 2386 1161 2468 copia:
1197 2387 1277 2450 intra

177 2495 349 2559 cubiculum
372 2496 503 2577 auditur,
525 2498 701 2562 Messallina
719 2506 854 2562 coram.“
893 2497 1027 2561 Crimina
1050 2496 1185 2560 obiectat
1204 2495 1277 2561 Sui-

176 2603 246 2668 lius.
291 2607 375 2670 Eece
402 2607 598 2690 eloquentiae
627 2625 744 2674 summa
765 2607 837 2672 vist
883 2607 1044 2690 ingressus
1066 2604 1278 2690 detensionem

179 2712 322 2780 Valerius
344 2724 520 2780 commovet
543 2719 693 2784 maiorem
715 2719 747 2779 in
768 2717 891 2780 modum
904 2715 1073 2797 Claudium,
1095 2713 1278 2779 Messalinae

178 2839 300 2904 quoque
327 2824 471 2889 lacrimas
503 2827 635 2888 excivit:
675 2827 783 2910 quibus
809 2825 978 2888 abluendis
1011 2823 1152 2888 cubiculo
1183 2837 1279 2904 egre·

179 2930 277 3010 diens,
300 2939 405 2996 mouet
423 2932 594 3012 Vitellium,
618 2952 658 2996 ne
678 2932 759 2996 elabi
779 2950 867 2996 reum
886 2933 1013 2996 sineret
1067 2931 1278 2994 condemnato

177 3040 307 3104 liberum
328 3042 436 3106 mortis
455 3042 615 3106 arbitrium
636 3041 830 3124 permissum.
871 3043 967 3112 Lauto
991 3058 1146 3122 corpore,
1180 3041 1279 3106 hilare

179 3150 329 3232 epulatus,
345 3169 440 3216 venas
457 3151 606 3216 exsolvit:
627 3152 695 3215 viso
708 3157 895 3220 tamenante
910 3167 989 3235 rogo
1010 3152 1158 3233 iussoque
1174 3156 1279 3216 trans-

177 3260 256 3324 ferri
274 3267 392 3342 partem
413 3261 445 3324 in
468 3260 569 3340 aliam,
591 3279 629 3324 ce
651 3260 791 3340 opacitas
814 3260 960 3324 orborum
980 3277 1099 3341 copore
1121 3260 1199 3344 iqua
1212 3255 1279 3324 ‘rm-

176 3376 322 3432 caeretur
338 3375 377 3448 ³).
1059 3442 1061 3448 ¹

277 3481 365 3544 Plura
398 3473 479 3562 apud
507 3479 645 3544 Tacitum
678 3480 818 3563 aliosque
842 3480 1009 3546 historicos
1043 3480 1179 3544 Gallicae
1208 3481 1278 3544 elo-

176 3588 319 3669 quentiae
345 3589 436 3653 obvia
457 3589 596 3670 exempla
620 3587 768 3654 exhibere
788 3607 1009 3670 supervacuum
1032 3588 1123 3652 foret.
1149 3603 1151 3612 ¹
1197 3593 1200 3602 ‘

275 3698 345 3762 Non
365 3697 573 3768 tantummodo
595 3697 626 3759 in
644 3696 876 3775 advocatorum,
899 3703 950 3761 aut
971 3698 1003 3760 in
1022 3713 1129 3758 eorum
1149 3711 1280 3757 numero

178 3805 230 3887 qui
248 3811 404 3870 oratorum
427 3805 530 3870 officio
553 3803 776 3889 iungebantur,
799 3805 979 3888 eloquentes
998 3803 1115 3868 Galliae
1136 3803 1277 3867 homines

187 3973 457 3986 -υ--α-,ωη-...η-ι-η

232 4057 245 4108 1
281 4059 323 4110 lb.
342 4071 367 4110 c.
385 4061 430 4112 ab.
892 4105 894 4110 .

229 4065 263 4220 2}
283 4154 645 4225 uac.nan.x1,c.s-a.
689 4155 743 4208 520
762 4154 871 4224 uualer,
890 4154 927 4208 24
946 4153 993 4206 (ir.
1012 4156 1029 4205 6
1047 4154 1088 4206 Pl.

231 4255 262 4318 8)
284 4251 386 4306 Anam
403 4253 453 4324 XI,
475 4252 555 4304 1-3.
