3140 5076
715 253 963 345 44...

292 464 388 544 tium,
419 466 543 544 praeter
561 461 656 556 ipsius
678 462 791 527 bonam
813 464 1025 547 integramque
1046 470 1200 546 naturam,
1223 465 1305 549 quod
1326 471 1393 531 sta-

292 576 345 637 tim
368 573 511 656 parvulus
533 551 639 638 sedem
672 593 708 636 ae
738 576 914 657 magistram
949 577 1120 640 studiorum
1137 577 1302 644 Massiliam
1332 577 1391 640 ha-

292 685 413 763 buerit,
436 683 537 748 locum
561 684 679 748 Graeca
698 685 841 748 comitate
864 691 894 748 et
915 686 1097 767 provinciali
1119 689 1308 770 parcimonia
1330 687 1391 751 nri-

292 800 387 874 stum,
410 813 447 858 ac
466 795 548 857 bene
572 794 783 874 compositum.
835 795 983 859 Memoria
1022 804 1113 860 teneo
1143 799 1266 864 solitum
1293 800 1392 880 ipsura

289 922 429 982 mamare,
452 921 487 966 se
505 904 536 965 in
555 903 652 983 prima
674 904 797 966 iuventa
814 904 946 968 studium
965 905 1177 989 philosophiae
1199 909 1321 988 aerius,
1342 907 1392 972 ul-

291 1019 339 1078 tra
361 1030 451 1094 quarn
473 1030 654 1076 eoncessum
677 1013 814 1077 Romano
839 1031 876 1075 ac
897 1015 1046 1094 senatori,
1070 1015 1240 1080 hausisse.“
1265 1024 1301 1096 1).
1344 1017 1391 1080 Ex

291 1125 340 1188 his
363 1122 510 1203 exemplis
533 1121 647 1184 coniici
673 1121 747 1184 licet
767 1121 861 1203 longe
890 1122 1047 1203 abluisse,
1077 1131 1110 1186 ut
1140 1124 1334 1207 eloquentiae
1361 1132 1391 1187 et

251 1312 252 1316 Ἰ
291 1232 504 1316 philosophiae
544 1231 675 1294 studium
714 1231 746 1293 in
782 1231 834 1293 illa
855 1232 1038 1298 Provinciae
1077 1235 1207 1317 regione
1243 1233 1389 1318 neglige·

290 1352 385 1410 retur.

390 1453 414 1515 ll
433 1451 494 1513 hoc
508 1448 695 1514 Graecarum
717 1451 914 1514 scientiarum
930 1459 960 1515 et
978 1452 1146 1518 litterarum
1167 1455 1267 1534 fonte,
1288 1455 1388 1518 omnis

291 1563 463 1628 humanitas
491 1561 523 1622 irr
545 1565 697 1623 caeteram
720 1559 953 1625 Narbonensem
985 1570 1015 1625 et
1037 1563 1232 1644 Aquitaniam
1261 1565 1388 1628 inlluxit.

229 1696 231 1706 ¹
293 1675 438 1738 Civitates
459 1670 618 1748 rhetoras,
643 1669 863 1750 philosophos,
888 1673 1046 1752 medicos,
1071 1675 1267 1739 mercedibus
1287 1675 1392 1739 adsci-

292 1784 437 1860 scebant,
466 1779 589 1844 scholas
612 1779 728 1859 aperioi
757 1780 915 1844 curabant.
958 1783 1063 1864 ltaque
1085 1783 1272 1848 Graecorum
1294 1785 1392 1850 vesti-

292 1895 345 1976 gia
380 1897 504 1956 secutos
524 1888 628 1952 Gallos
650 1887 761 1952 Strabo
794 1890 861 1953 iure
891 1893 1080 1975 φιλελλήνας
1109 1901 1210 1959 vocat.
1265 1895 1392 1976 ,Adeo-

292 2009 382 2096 que,“
401 2002 443 2065 ait
462 2001 581 2081 Trogus
602 1998 783 2079 Pompeius,
807 1999 914 2062 lustini
936 2017 1012 2078 ore,
1035 2021 1184 2085 ,magnus
1207 2011 1237 2066 et
1257 2005 1392 2068 homini-

291 2113 367 2194 „bus
390 2117 420 2175 et
438 2109 531 2174 rebus
554 2107 712 2190 impositus
735 2115 782 2172 est
802 2109 894 2189 nitor,
915 2116 949 2172 ut
970 2129 1033 2173 non
1056 2111 1186 2175 Graecia
1207 2113 1240 2173 in
1261 2113 1389 2178 Galliam

291 2222 500 2305 „emigrasse,
532 2218 587 2282 sed
611 2217 708 2282 Gallia
730 2219 761 2280 in
785 2220 945 2284 Graeciam
976 2221 1121 2284 translata
1152 2221 1339 2286 videreturne
1362 2230 1391 2304 2)

286 2331 470 2412 ¹Complures
492 2335 564 2390 tunc
587 2327 726 2390 civitates
749 2327 858 2391 litteris
880 2334 911 2391 et
930 2329 1091 2392 doctorum
1112 2329 1268 2393 hominum
1289 2332 1391 2414 gloria

290 2441 517 2516 inclaruerunt,
545 2437 627 2498 inter
647 2436 722 2498 alias
743 2436 872 2516 Tolosa,
897 2437 1007 2501 eodem
1029 2456 1089 2520 quo
1109 2438 1248 2504 Athenae
1271 2433 1394 2524 eogno-

292 2551 385 2629 mine,
408 2545 549 2610 Palladio
562 2549 601 2625 ³).

393 2657 542 2722 Graecam
564 2654 701 2735 linguam
723 2653 754 2714 ln
782 2670 839 2716 usu
869 2654 964 2716 luisse
986 2654 1066 2718 inter
1095 2673 1150 2719 eos
1174 2655 1277 2720 Gallos
1299 2677 1393 2739 prae-

293 2768 398 2836 sertim
421 2767 472 2850 qui
495 2782 564 2827 curn
582 2762 824 2829 Massiliensibus
844 2764 1106 2845 negociabantur,
1128 2770 1255 2830 testatur
1277 2768 1393 2832 verbo-

291 2897 359 2943 rum
378 2884 409 2941 et
429 2875 584 2958 phrasium
621 2871 780 2935 multitudo
816 2890 894 2953 quae
919 2890 937 2935 e
960 2871 1078 2938 Graeca
1112 2873 1142 2937 irr
1166 2875 1313 2939 Gallicam
1335 2877 1393 2940 de-

291 2987 378 3052 llurrit
390 2990 438 3064 t);
459 2989 609 3048 testantur
629 2982 707 3045 Acta
728 2982 894 3063 Martyrum
919 2981 1004 3045 iussu
1026 2982 1181 3048 eeclesiae
1202 2986 1392 3068 lugdunen·
1435 3009 1447 3026 ·

291 3099 336 3164 sis
358 3104 388 3161 et
408 3094 594 3158 Viennensis
626 3110 741 3174 graece
763 3093 904 3155 confecta
911 3113 920 3168 3
951 3098 1100 3156 testantur
1122 3094 1246 3157 nomina
1269 3097 1391 3177 propria

290 3213 364 3268 turre
389 3205 421 3266 in
442 3202 606 3282 Aquitania
629 3201 877 3281 frequentissima
901 3205 939 3276 5).
993 3200 1129 3263 Luciano
1156 3201 1269 3265 Gallias
1297 3221 1391 3284 pera-

291 3313 394 3398 granti
421 3310 524 3375 Gallus
552 3309 751 3391 philosophus
781 3308 916 3372 occurrit
949 3308 1087 3391 ἀκριβῶς
1117 3307 1252 3374 Ἑλλάδα
1283 3310 1392 3397 φωνήν

292 3415 401 3508 ἀφιείς
423 3421 463 3498 ό).

291 3619 581 3633 -ῌ--ο-η--ι

346 3747 377 3812 1)
398 3744 481 3797 Tacit.
502 3742 644 3810 Aprteotc,
661 3745 688 3793 4.

344 3841 377 3904 2)
396 3840 572 3891 lectionari.
591 3838 687 3890 Xlrlll.
707 3848 730 3886 c.
751 3839 778 3885 o.

344 3940 375 4004 3)
393 3937 435 3986 De
452 3939 487 3988 lts
505 3937 615 3988 urbibus
634 3935 756 3984 videatur
773 3929 842 3981 tht.
860 3925 937 3980 littere
954 3927 988 3978 oe
1005 3928 1036 3978 la
1057 3927 1105 3980 ht.
1122 3929 1144 3978 l.
1163 3929 1193 3977 Ρ.
1210 3928 1231 3977 1.
1250 3926 1366 3978 stt-se.

344 4036 376 4097 4)
393 4033 480 4084 Henri
495 4031 637 4097 wettenae,
663 4024 753 4081 Mutte'
782 4027 815 4078 de
843 4027 874 4078 ta
895 4020 1053 4090 conformite'
1074 4025 1110 4075 dc
1127 4023 1246 4088 tanpape
1261 4021 1393 4088 {imnpooa

393 4140 461 4180 avec
476 4127 503 4178 te
521 4138 594 4192 paee.
613 4127 701 4193 Paris,
721 4125 799 4176 1669.
1170 4119 1173 4126 '
1314 4119 1319 4130 ¹

345 4229 378 4291 e)
395 4221 466 4277 ssiat.
482 4221 532 4274 tto.
551 4221 584 4272 de
600 4221 631 4272 ta
648 4219 694 4271 Bb.
715 4220 736 4269 1.
758 4221 788 4270 Ρ.
808 4219 831 4287 1,
849 4219 896 4288 ὅθ,
914 4217 959 4270 Mt.

343 4323 375 4390 G)
394 4311 562 4394 Προσλαλιᾶ
584 4311 764 4389 ἤἪρακλῆς.
783 4318 809 4368 4.
