3140 5076
700 279 947 360 ...95-

279 474 349 538 ris?
369 473 425 538 sed
448 491 542 556 quam
561 493 624 540 non
646 467 711 555 sis,
733 475 799 556 ipse
820 473 954 538 testaris.
986 474 1071 536 'Neo
1096 473 1288 546 confessioni
1308 481 1378 542 tuae

279 591 367 669 gesta
389 587 585 651 conveniunt.
610 634 617 649 .
640 633 678 648 ..
730 586 768 650 Et
796 586 958 667 oquaatis
983 584 1022 648 ad
1048 585 1233 665 impietatem
1253 587 1378 667 proficis

278 696 493 760 incrementis!
536 697 573 759 Et
601 697 716 760 caeteri
740 695 863 776 quidem
885 693 1031 758 mortales
1064 712 1186 775 semper
1209 713 1277 758 cum
1299 697 1377 761 vivis

278 805 358 868 bella
380 811 552 886 gesserunt,
581 804 651 867 dum
672 804 788 867 bomini
812 803 851 866 ad
873 803 1027 865 bominem
1050 802 1128 866 ultra
1151 810 1279 867 mortem
1301 805 1377 869 nibil

279 931 392 978 causae
416 919 476 977 est:
508 911 563 974 tibi
582 930 658 976 vero
680 911 906 974 inimicitiarum
931 911 1031 974 nullus
1061 918 1108 974 est
1137 911 1215 975 finis.
1276 915 1378 977 Rece-

277 1029 347 1104 ptos
371 1023 451 1086 enim
467 1024 527 1086 iam
544 1024 576 1085 in
597 1029 753 1086 aeternam
777 1023 908 1102 quietem
927 1027 1031 1102 patres
1052 1022 1191 1114 lacessis,
1213 1030 1242 1086 et
1264 1023 1296 1084 in
1318 1023 1377 1086 de-

279 1137 364 1197 creta
386 1149 492 1195 eorum
512 1147 678 1213 perversus
697 1131 851 1212 irrumpis.
883 1129 1049 1211 Apostolus
1072 1131 1301 1194 communicare
1320 1149 1377 1196 nos

278 1248 454 1306 sanctorum
478 1241 635 1304 memoriis
660 1241 775 1320 docuit,
797 1247 829 1302 tu
851 1258 905 1304 eas
926 1239 1072 1304 damnare
1095 1241 1236 1322 coegisti.
1283 1241 1377 1305 Estne

279 1351 387 1434 aliquis
411 1350 505 1422 bodie
527 1357 579 1414 aut
599 1351 687 1412 vivus
719 1355 770 1413 aut
791 1355 926 1413 mortuus
959 1350 1046 1413 euius
1076 1355 1107 1411 tu
1130 1349 1211 1411 dicta
1241 1366 1303 1411 non
1324 1367 1378 1413 re-

278 1459 454 1523 sciderisl.
478 1505 486 1521 .
509 1505 516 1520 .
540 1504 548 1520 .
593 1457 648 1521 Cui
670 1473 751 1520 auno
772 1463 947 1521 sanctorum
972 1458 1139 1521 memoriae
1162 1457 1375 1521 communica-

278 1568 382 1630 bitur?
425 1565 597 1630 Anatbema
633 1566 687 1628 tibi
711 1566 842 1629 trecenti
866 1565 974 1629 decem
1006 1571 1037 1627 et
1059 1570 1129 1628 octo
1153 1566 1374 1630 convenientes

278 1676 357 1758 apud
381 1677 527 1740 Nicaeam
544 1677 682 1757 episcopi
702 1682 781 1754 sunt,
803 1675 964 1738 anathema
987 1675 1099 1739 deinde
1121 1692 1228 1739 omnes
1250 1676 1301 1758 qui
1315 1695 1375 1740 va-

277 1785 333 1849 riis
366 1784 477 1849 exinde
512 1785 753 1864 expositionibus
784 1783 945 1847 affuerunt.
1001 1786 1068 1865 lpse
1099 1803 1221 1867 quoque
1252 1785 1372 1866 pridem

277 1896 337 1958 iam
361 1901 496 1958 mortuus
518 1895 678 1958 anathema
700 1895 754 1956 tibi
778 1901 864 1975 pater
885 1900 953 1956 tuus
976 1899 1040 1971 est,
1074 1895 1123 1957 eui
1144 1895 1259 1958 Nicaea
1281 1911 1378 1976 syno-

279 2004 336 2067 dus
360 2003 416 2066 init
435 1995 545 2066 curae:
566 2020 656 2083 quam
677 2009 709 2065 tu
731 2003 816 2066 lalsis
840 2001 1034 2083 opinionibus
1057 2003 1230 2067 infamatam
1251 2009 1376 2084 pertur-

278 2113 344 2191 bas,
368 2121 399 2176 et
421 2119 528 2176 contra
549 2113 710 2176 humanum
731 2112 927 2193 divinumque
946 2113 1090 2175 iudicium
1114 2131 1183 2174 cum
1201 2114 1306 2194 paucis
1324 2132 1378 2176 sa-

278 2221 421 2286 tellitibus
444 2222 503 2286 tuis
530 2222 669 2304 profanis
702 2223 872 2305 impugnas.
923 2222 983 2286 Sed
1013 2239 1076 2284 non
1109 2223 1183 2285 licet
1209 2223 1263 2286 tibi
1292 2239 1376 2286 nunc

276 2348 375 2415 regno
398 2332 514 2413 potenti
536 2332 627 2395 etiam
649 2333 681 2395 in
701 2339 857 2413 posterum
877 2332 1101 2422 praeiudicare.
1157 2333 1269 2396 Extant
1295 2333 1375 2395 enim

264 2441 407 2518 litterae,
433 2441 542 2521 quibus
564 2441 595 2502 id
618 2441 699 2522 quod
718 2447 751 2503 tu
770 2441 968 2522 criminosum
992 2447 1099 2521 putas,
1131 2442 1182 2523 pie
1210 2449 1282 2505 tunc
1304 2459 1375 2506 esse

279 2554 455 2629 stuoeptum
476 2549 614 2611 docetur.
667 2549 748 2612 Audi
776 2550 941 2612 verborum
964 2555 1101 2614 sanctam
1130 2551 1372 2634 intelligentiam.

277 2657 359 2721 Audi
392 2657 546 2721 ecclesiae
582 2658 830 2739 imperturbatam
869 2659 1125 2724 constitutionem.
1173 2660 1256 2724 Audi
1280 2660 1375 2742 patris

277 2768 320 2831 tui
337 2768 509 2849 professam
530 2767 629 2831 fidem.
674 2767 756 2830 Audi
778 2768 929 2832 humanae
950 2769 1026 2851 spei¹
1049 2769 1254 2832 confidentem
1280 2787 1375 2833 secu-

277 2877 405 2940 ritatem.
450 2876 532 2942 Audi
561 2878 737 2941 haereticae
765 2877 967 2942 damnationis
996 2878 1149 2959 publicum
1179 2895 1320 2957 sensum,
1344 2887 1375 2943 et

277 2985 415 3070 intellige
444 2993 474 3049 te
495 2987 619 3049 divinae
640 2987 803 3070 religionis
823 2987 961 3067 hostem,
984 2994 1014 3049 et
1036 2988 1191 3051 inimicum
1216 2989 1373 3052 memoriis

277 3102 464 3174 sanctorum,
487 3103 516 3160 et
536 3101 683 3176 paternae
703 3097 824 3178 pietatis
845 3097 1009 3161 haeredem
1030 3098 1207 3161 rebellem«
1249 3099 1295 3161 lln
1317 3116 1375 3160 ve-

276 3223 330 3270 rus
354 3206 476 3269 oratori
517 3205 724 3268 Constantium
748 3206 863 3269 nostris
890 3206 1013 3270 subiicit
1042 3208 1140 3271 oeulis
1171 3214 1201 3270 et
1222 3208 1374 3271 mentibus

277 3331 340 3377 non
363 3315 462 3378 solum
494 3316 636 3378 vivorum
668 3322 899 3397 persecutorem
922 3317 977 3379 sed
1009 3318 1130 3396 pietatis
1157 3316 1188 3379 in
1211 3318 1374 3382 defunctos

278 3429 412 3504 sanctos,
435 3424 555 3505 pietatis
577 3425 746 3506 inpetrem
769 3430 918 3488 mortuum
942 3425 1134 3490 violatorem.

342 3661 371 3743 ς.
394 3669 444 3728 13.
489 3657 525 3728 V.
546 3659 662 3727 seculo
682 3659 900 3727 barbarorum
921 3666 956 3726 tn
977 3659 1123 3728 Galliam
1147 3640 1300 3746 irruptio.

377 3861 477 3926 l’ertio
500 3867 531 3926 et
553 3867 660 3942 quarto
685 3862 800 3940 seculo,
828 3861 1010 3926 Germaniae
1034 3862 1136 3943 populi
1160 3861 1293 3942 quidam,
1315 3879 1376 3943 po-

277 3973 425 4037 tissimum
447 3972 572 4048 Franci,
595 3971 627 4033 in
649 3971 766 4034 Galliae
790 3971 965 4052 provincias
987 3972 1176 4053 irruperant,
1202 3976 1232 4035 at
1257 3971 1371 4036 devicti

278 4082 409 4146 luerunt.
463 4081 551 4142 lnitio
585 4080 680 4160 quinti
718 4081 815 4144 seculi
863 4080 1063 4144 barbarorum
1108 4081 1238 4144 diluvies
1271 4079 1367 4145 Occi-

279 4191 401 4255 dentem
428 4190 568 4254 fluetibus
598 4190 770 4254 submersit.
820 4189 931 4268 Alani,
968 4190 1224 4273 Burgundiones,
1256 4191 1368 4268 Saevi,

277 4301 406 4368 Vandali
429 4300 543 4366 Gallias
565 4299 743 4366 invaserunt
764 4300 866 4364 omnia
890 4299 975 4364 icrro
996 4301 1180 4382 flammaque
1201 4306 1375 4366 vastantes.-
