3140 5076
719 256 964 333 ...gp-

294 449 397 530 utique
417 423 549 514 disertus
573 457 655 530 erat,
678 457 711 513 ut
731 449 773 513 ait
796 449 839 514 ct.
864 451 980 535 Heyne,
1005 458 1034 515 et
1054 465 1109 532 pro
1132 469 1169 514 ea
1193 455 1292 514 aetate
1315 451 1391 513 arti-

295 560 352 622 bus
374 559 518 623 oratoriis
540 559 669 622 imbutus
681 583 689 637 ;
714 561 761 623 vis
782 567 882 624 tamen
908 563 974 626 eius
997 561 1121 624 dicendi
1137 577 1200 623 non
1223 560 1321 623 minus
1341 561 1392 622 in-

296 667 419 748 quinata
439 668 521 732 vitiis
544 668 737 750 eloquentiae
762 676 946 751 corruptae,
979 670 1093 734 nonin
1115 687 1216 733 rerum
1240 670 1390 751 gravitate

294 785 324 842 et
346 777 474 841 allectus
489 777 635 856 veritate,
658 779 712 841 sed
734 779 765 841 in
786 781 881 843 variis
902 781 1099 858 ornamentis,
1121 779 1284 842 verborum
1307 779 1390 857 luco,

293 895 323 952 et
346 893 434 951 acute
460 887 549 950 dictis
569 891 627 968 per'
646 889 800 966 antitheta,
826 890 980 969 praesidia
1002 907 1056 952 sua
1079 889 1209 970 petentis
1233 936 1240 951 .
1265 935 1271 950 .
1297 889 1391 962 „lla-

292 997 365 1060 bent
389 1013 464 1059 sanc
485 1002 573 1060 acute
598 997 677 1058 dicta
699 997 836 1060 stimulos
858 1016 948 1076 suos,
978 997 1086 1078 quibus
1111 1004 1265 1078 pungant,
1301 998 1390 1060 altius

293 1124 413 1187 quoque
435 1112 594 1186 penetrent
619 1107 767 1186 animum,
793 1108 819 1170 si
842 1126 880 1170 ex
904 1107 978 1188 ipsis
1000 1099 1091 1170 rebus
1114 1108 1193 1169 inter
1213 1125 1248 1170 se
1272 1123 1391 1188 cogna-

290 1217 330 1278 tis
352 1222 382 1280 et
405 1216 482 1296 aptis
505 1221 574 1278 sunt
603 1216 712 1296 petita3
742 1233 805 1278 non
829 1217 867 1278 ab
894 1215 978 1278 inani
1002 1214 1118 1299 ingenii
1144 1217 1194 1280 vel
1226 1217 1389 1280 verborum

290 1327 359 1390 lusu
383 1333 435 1388 aut
458 1324 574 1387 dillioili
595 1324 634 1387 ad
657 1325 881 1406 assequendum
906 1326 1069 1390 subtilitate
1085 1334 1142 1404 ¹].“

391 1435 598 1497 Mamertinum
641 1433 773 1496 lulianus
811 1435 977 1514 imperator
1010 1435 1179 1498 honoribus
1216 1435 1389 1500 cumulavit.

289 1543 365 1607 Eum
386 1543 535 1623 praefecit
557 1543 697 1621 aerario,
734 1542 815 1623 quod
847 1543 911 1605 suis
946 1541 1074 1624 ipsemet
1094 1542 1256 1605 virtutibus
1285 1542 1390 1604 tribuit

295 1658 416 1730 orator,
452 1653 502 1732 qui
527 1652 690 1714 Caesarem
724 1651 851 1714 laudans
891 1652 1044 1732 propriam
1084 1652 1203 1715 laudem
1232 1649 1392 1731 haudqua-

291 1778 380 1841 quam
403 1760 540 1842 negligit.
564 1759 681 1838 „Quum
703 1749 751 1823 me
774 1760 926 1823 aerarium
945 1761 1099 1841 publicum
1121 1778 1231 1823 curare
1253 1759 1387 1837 voluisti,

291 1872 393 1951 ait2),
429 1889 519 1953 quum
549 1889 716 1951 quaereres
751 1871 848 1934 virum
882 1871 975 1934 animi
992 1872 1101 1954 magni
1124 1871 1272 1934 adversus
1293 1887 1391 1950 pecu-

289 1981 382 2060 niam,
408 1981 498 2044 liberi
521 1981 671 2045 adversus
695 1980 842 2059 offensam
867 1982 1036 2044 constantis
1059 1979 1208 2044 adversus
1231 1980 1388 2058 invidiam,

289 2110 348 2170 me,
372 2091 422 2172 qui
441 2091 495 2152 tibi
511 2092 636 2156 viderer
651 2091 812 2170 eiusmodi,
840 2091 1004 2174 dilegisti.“
1028 2089 1110 2153 ldem
1132 2096 1284 2171 potestate
1297 2107 1390 2170 prae-

290 2200 364 2262 lecti
387 2199 502 2263 ltaliam
524 2202 604 2263 rexit
627 2218 695 2262 oum
719 2200 826 2263 Alrloa
850 2205 880 2263 et
896 2199 1016 2281 lllyrioo
1032 2203 1072 2274 ὃ).
1103 2199 1167 2268 Nec
1189 2200 1216 2261 is
1238 2199 1389 2261 honorum

287 2308 435 2370 terminus
465 2309 528 2370 luit.
572 2310 641 2372 Non
672 2326 747 2372 vero
771 2308 948 2372 omnimodo
979 2327 1046 2371 eum
1076 2306 1260 2370 laudandum
1282 2313 1389 2370 censet

288 2417 467 2479 Ammianus
486 2417 694 2495 Marcellinus,
717 2417 768 2497 qul
791 2418 832 2479 ita
855 2423 975 2478 narrat:
999 2416 1231 2478 Constantinum
1254 2416 1388 2479 lulianus

288 2529 415 2605 ,aperte
438 2526 617 2602 incusabat,
656 2524 737 2605 quod
767 2525 917 2588 barbaros
948 2525 1081 2586 omnium
1104 2525 1217 2604 primus
1248 2525 1386 2605 adusque

286 2633 390 2696 fasces
414 2640 540 2697 auxerat
562 2640 592 2695 et
613 2634 734 2696 trabeas
758 2634 956 2712 consulares,
986 2634 1101 2697 insulse
1123 2633 1264 2696 nimirum
1287 2641 1317 2695 et
1338 2635 1387 2697 le-

285 2742 383 2805 viter:
417 2744 467 2824 qui
501 2761 567 2806 cum
596 2744 694 2806 vitare
718 2743 846 2806 deberet
868 2743 898 2805 id
924 2743 1005 2823 quod
1029 2743 1169 2806 infestius
1194 2743 1384 2824 obiurgavit,

285 2854 372 2918 brevi
395 2861 502 2935 postea
524 2855 735 2918 Mamertinum
766 2854 804 2918 ad
836 2853 1027 2917 consulatum
1058 2855 1181 2931 evexit,
1219 2869 1278 2916 nec
1305 2852 1383 2932 vita,

285 2982 343 3025 nec
366 2964 550 3044 splendore,
574 2983 632 3027 nec
653 2982 731 3043 usu,
756 2983 814 3028 neo
836 2965 934 3046 gloria
963 2963 1070 3026 luorum
1097 2964 1272 3042 cuiusquam
1295 2962 1384 3024 simi-

282 3073 353 3152 lem,
377 3074 485 3154 quibus
506 3073 715 3155 magistratum
740 3074 889 3137 detulerat
911 3073 1126 3154 amplissimum
1149 3072 1383 3148 Constantinus3

285 3189 391 3245 contra
414 3177 687 3245 inconsummatum
710 3189 740 3245 ct
762 3184 992 3264 subagrestem,
1028 3188 1058 3243 et
1090 3181 1171 3261 quod
1195 3181 1293 3243 minus
1317 3187 1383 3243 erat
1455 3263 1457 3266 Ι

284 3290 454 3368 serendum,
478 3291 561 3354 celsa
584 3293 615 3351 in
637 3297 788 3370 potestate
813 3289 1038 3368 crudelenlpss
1081 3292 1138 3353 Pro
1171 3297 1252 3353 lanta
1276 3287 1382 3370 digni-

282 3403 344 3461 tate
369 3404 493 3478 accepta
517 3399 632 3482 gratias
656 3400 720 3481 agit
733 3399 930 3462 Mamertinus
953 3417 990 3462 eo
1013 3399 1202 3481 Panegyrico
1225 3399 1275 3480 qui
1296 3396 1381 3460 solus

283 3526 322 3570 ex
344 3507 484 3582 omnibus
512 3508 577 3571 eius
609 3509 732 3587 seriptis
754 3515 893 3572 servatus
917 3515 971 3572 est.
1016 3509 1163 3580 Fastuose
1192 3507 1381 3572 consulatum

282 3622 312 3680 et
336 3618 496 3702 ingressus
518 3624 564 3680 cst
586 3625 616 3682 et
636 3617 744 3700 gessit.
785 3617 875 3682 lllulta
901 3609 1008 3682 'lamen
1041 3619 1132 3681 habet
1162 3618 1227 3681 eius
1258 3616 1379 3694 oratio,

283 3733 314 3790 ut
337 3727 515 3792 observavit
535 3728 808 3808 Wytlenbaclrius,
842 3727 1005 3790 verborum
1030 3715 1309 3807 sententiarumque
1330 3726 1381 3789 lu-

334 4012 365 4075 1)
384 4011 483 4073 liqna
501 4012 600 4077 opace.
621 4014 706 4066 Acad.
724 4015 773 4079 Vl,
792 4014 853 4065 ill.

332 4108 364 4172 2)
386 4121 410 4158 o.
433 4108 457 4158 1.

330 4204 363 4270 8)
383 4200 519 4253 Ammian.
537 4203 666 4255 Marcell.
685 4203 787 4270 XXVI,
805 4203 848 4255 to.

330 4298 361 4368 4)
381 4297 400 4352 l.
418 4298 493 4372 xiil,
515 4311 540 4352 o.
559 4298 601 4351 te
