3140 5076
685 267 931 339 ...88-

263 476 339 526 sum.
383 461 459 524 Nam
482 475 551 522 curn
572 458 645 522 boni
668 459 731 523 rari
753 459 833 536 sint,
868 460 1074 541 improborum
1095 463 1204 546 vulgus
1228 463 1359 528 immen-

261 589 338 650 sum,
361 572 393 633 in
415 572 528 652 Campo
552 577 650 634 autem
673 584 816 632 numerus
840 577 870 632 et
885 571 974 634 turha
989 573 1188 653 praepolleat,
1211 575 1278 637 sine
1300 575 1359 636 du·

260 682 313 744 bio
344 680 541 762 intelligitur,
576 698 643 742 curn
678 678 835 762 suffragiis
867 681 969 762 populi
997 677 1207 763 magistratum
1231 701 1358 765 capere,

263 807 350 873 quarn
372 789 487 871 plures,
511 789 542 852 id
565 795 621 868 est,
646 807 734 870 quem
756 790 880 870 peiores
902 791 1070 871 probarunt
1084 799 1140 872 ¹).“

363 899 598 962 Adulationilrus
632 899 823 980 potissimum
852 900 996 962 servilem
1029 902 1162 966 animum
1202 899 1361 967 declarant

261 1010 312 1073 isti
342 1016 505 1088 oratores,
539 1027 628 1090 qrrum
657 1009 688 1070 in
724 1010 941 1073 assentationis
972 1011 1177 1074 adiumentum
1211 1012 1364 1094 religione

262 1120 433 1184 abutuntur.
476 1120 608 1199 Numen,
645 1118 851 1197 divinitatem,
883 1120 1001 1184 coelum
1023 1121 1239 1201 imperatoriae
1265 1123 1364 1187 maie·-

261 1229 332 1294 stati
355 1235 534 1296 ornamento
556 1247 626 1292 esse
652 1235 774 1310 cogunt.
808 1228 976 1316 Ausonius,
1000 1229 1123 1310 laudato
1141 1231 1268 1314 ingenio
1282 1231 1361 1296 Gra-

261 1338 354 1414 tiani,
377 1344 410 1400 ut
431 1343 589 1400 cresceret
611 1336 767 1415 adulatio,
791 1357 807 1400 a
830 1338 983 1422 religione
1010 1339 1059 1401 vel
1082 1357 1191 1401 sensus
1225 1340 1274 1404 vel
1297 1341 1362 1404 sal-

261 1454 322 1511 tem
344 1447 440 1510 verba
462 1451 630 1526 mutuatus,
660 1446 798 1526 proxime
827 1446 865 1508 ad
894 1447 984 1510 deum
1007 1447 1109 1510 evehit
1131 1448 1358 1513 benefactorem

261 1575 358 1622 suum.
403 1556 582 1635 „Rationem
602 1554 755 1618 felicitatis
776 1573 867 1618 nemo
890 1556 1001 1619 reddit.
1048 1558 1141 1636 Deus,
1167 1563 1197 1620 et
1219 1559 1270 1639 qui
1292 1557 1357 1620 Deo

260 1665 437 1747 proximus,
468 1665 562 1728 tacito
587 1682 712 1728 munera
734 1665 873 1746 dispertit
902 1665 1047 1728 arbitrio:
1074 1672 1113 1728 -et
1143 1665 1359 1730 beneficiorum

261 1793 385 1839 suorum
406 1774 582 1857 indignatus
604 1779 659 1854 per
670 1774 812 1838 homines
832 1780 914 1838 stare
930 1774 1086 1854 iudicium,
1106 1776 1219 1839 mavult
1232 1776 1271 1840 de
1285 1776 1360 1839 sub-

263 1885 334 1972 ditis
357 1884 482 1947 dedisse
508 1883 686 1947 miraculum
698 1889 757 1960 ²).“

361 1993 559 2056 Mamertinus
580 1992 798 2074 Pancpprieam
821 1991 1010 2055 Maximiano
1032 1990 1182 2054 Herculeo
1210 1993 1258 2056 his
1280 1993 1361 2064 inci-

261 2105 305 2186 pit
324 2105 447 2195 verbis:
481 2105 574 2183 ,Cum
599 2103 739 2166 omnibus
763 2103 848 2166 lestis
871 2102 997 2181 diebus,
1027 2103 1235 2166 sacratissime
1258 2102 1360 2184 lmpe-

263 2220 357 2292 rator,
382 2213 494 2277 debeat
515 2213 615 2275 honos
638 2220 743 2276 vester
764 2212 876 2275 divinis
898 2211 989 2274 rebus
1012 2213 1152 2292 aequari,
1179 2218 1241 2275 tum
1268 2231 1362 2293 prae·

265 2325 353 2404 cipue
378 2323 581 2387 celeberrimo
611 2323 670 2386 isto
703 2328 733 2386 et
755 2321 972 2403 imperantibus
1000 2321 1088 2384 vobis
1119 2321 1287 2386 laetissimo
1311 2324 1361 2388 die

263 2433 421 2496 veneratio
453 2433 585 2494 numinis
614 2433 657 2494 tui
690 2451 756 2494 cum
789 2431 929 2493 sollemni
961 2449 1069 2494 sacrae
1091 2431 1176 2494 urbis
1209 2431 1361 2514 religione

262 2541 418 2624 iungenda
442 2546 517 2604 est.“
558 2541 646 2604 Mox:
671 2547 717 2620 ,te
738 2547 929 2621 praesentem
949 2541 1101 2612 intuemur
1124 2540 1232 2606 deum“
1254 2547 1298 2617 (c.
1314 2545 1360 2623 9).

262 2653 297 2716 lu
320 2650 512 2714 Genetttteeo
537 2650 636 2714 eidem
662 2651 760 2712 dicto:
800 2649 906 2731 ,Apud
932 2650 1006 2712 tanti
1028 2652 1233 2730 praesentiam
1254 2652 1362 2716 Numi-

263 2763 311 2826 nis
333 2762 393 2826 hoc
415 2762 511 2842 ipsum
534 2760 605 2823 mihi
629 2761 790 2824 maximum
815 2761 928 2824 dicenti
950 2760 1127 2839 videbatur,
1151 2768 1184 2824 ut
1206 2762 1360 2826 dicerent

265 2879 308 2949 (c.
336 2873 379 2950 1).
426 2873 518 2951 ,Cum
547 2871 619 2934 milri
649 2871 813 2933 auditionis
836 2877 905 2933 tuae
926 2870 1029 2932 divina
1051 2869 1188 2952 dignatio
1213 2889 1279 2934 eam
1305 2889 1363 2934 oo-

264 2983 344 3064 piam
365 2982 498 3045 tribuit.“
521 2991 565 3059 (c.
583 2980 611 3044 6.
639 2999 665 3043 o.
682 2983 728 3061 5).
773 2981 858 3044 ltlitto
880 2980 1032 3059 ,divinam
1055 2986 1204 3042 mentem“
1227 2981 1364 3062 lmpcra-

264 3093 358 3171 toris,
383 3092 495 3171 ,verba
518 3091 641 3168 divina,
672 3085 823 3154 coelestes
846 3090 963 3153 litteras
975 3093 1032 3170 ⁵).“
1075 3090 1160 3153 llitto
1183 3089 1364 3154 affirmatio-

264 3220 334 3265 nem
354 3201 569 3265 Maximianum
592 3219 609 3262 a
631 3200 762 3264 Hercule
786 3207 816 3262 ct
837 3200 909 3262 love
932 3198 1155 3279 descendisse,
1178 3199 1288 3280 quippe
1310 3201 1363 3262 lu-

263 3310 342 3389 pitcr
372 3327 440 3370 oum
465 3310 652 3388 imperatore
674 3308 802 3371 collatus
824 3325 887 3370 mon
909 3307 1021 3388 ubique
1042 3308 1155 3387 primas
1178 3315 1280 3389 partes
1303 3309 1363 3372 ob-

265 3418 357 3480 tinet:
392 3417 455 3495 ,Ne
479 3418 590 3497 lupitcr
612 3416 733 3497 quidem
757 3418 823 3499 ipse
845 3423 929 3480 tanta
954 3417 1110 3482 celeritate
1143 3401 1253 3482 faciem
1282 3419 1362 3482 coeli

265 3527 312 3591 sui
341 3526 458 3604 variat,
493 3543 582 3608 quam
613 3525 704 3590 facile
735 3533 782 3606 tu,
818 3528 1002 3608 Imperator;
1038 3533 1142 3610 togam
1174 3534 1362 3609 praetextam

240 3641 365 3700 sumto
382 3636 512 3700 thorace
533 3635 676 3716 mutasti,
699 3653 716 3698 a
739 3635 836 3700 curuli
860 3635 891 3698 in
914 3653 1023 3728 equum
1043 3635 1242 3715 nansmltsti,
1265 3643 1363 3700 caete

264 3749 310 3823 (c.
332 3745 368 3824 6)
391 3745 478 3809 Haud
500 3744 608 3809 mirum
629 3745 724 3830 igitur
745 3747 825 3811 inter
845 3746 995 3812 maximos
1016 3747 1187 3810 mortalium
1209 3747 1363 3812 neminem

263 3851 447 3922 Maximiano
468 3845 661 3937 aepriparari
681 3871 784 3938 posse.
830 3856 954 3938 ,Vides
978 3855 1166 3938 imperator,
1190 3871 1253 3920 non
1273 3857 1364 3921 inve-

486 4031 561 4042 .—

318 4126 559 4194 hemma

316 4225 347 4294 Β)
365 4223 428 4276 Vltl.
446 4227 474 4278 et
491 4238 574 4292 supra
592 4221 619 4293 p.'
637 4227 687 4286 44,Ι
787 4233 792 4242 ’

318 4319 350 4390 8)
369 4321 416 4377 111.
435 4321 550 4377 mmm.
567 4334 618 4392 prn
636 4323 697 4378 mat.
717 4325 801 4378 aciat.
819 4337 844 4379 o.
864 4326 908 4381 ta.
