3140 5076
655 247 900 320 „ffi-

229 439 309 503 sium
331 439 456 502 nomine
488 445 565 516 (tum
584 440 664 502 enim
687 441 768 523 hug.
793 441 971 504 Aeduorum
992 439 1099 504 civitas
1119 437 1245 504 Fiocicc
1266 459 1326 506 no-
1396 509 1400 520 ¹

230 567 301 612 men
326 551 508 632 assumpsit,
541 550 622 632 quod
647 550 884 630 Constantinus,
918 551 1018 632 gentis
1040 550 1183 629 Flaviae,
1207 552 1324 616 civibus

229 664 346 738 partem
370 660 521 740 quandam
544 659 647 722 tributi
669 660 866 740 remisisset),
891 659 977 724 dixit.
1011 660 1058 722 Ex
1076 659 1216 722 omnibus
1231 657 1323 723 Gallis

226 766 353 832 Aeduos
368 770 532 851 praecipue
544 765 692 833 Romanis
717 769 846 832 devotos
867 768 1036 850 praedicat.
1069 771 1244 848 „Quaenam
1260 769 1324 851 igi-

230 882 388 960 turgens,
413 879 464 959 ait,
486 884 550 942 toto
578 879 654 942 orbe
677 885 826 942 terrarum
858 879 888 941 in
913 897 1017 945 amore
1039 879 1168 942 Romani
1190 879 1323 941 nominis

229 985 346 1051 Aeduis
370 1006 404 1051 se
426 988 557 1068 postulet
575 989 760 1069 'anteponit'
784 989 835 1068 qui
869 988 959 1068 primi
985 989 1119 1051 omnium
1149 989 1228 1051 inter
1251 988 1318 1050 ilias

227 1094 374 1159 immanes
396 1102 426 1160 et
445 1096 592 1161 barbaras
620 1097 736 1160 Galliae
758 1103 867 1179 gentes
889 1097 1027 1178 piurimis
1045 1099 1177 1162 Senatus
1193 1097 1320 1161 oonsul-

228 1203 266 1265 tis
290 1203 402 1268 fratres
423 1206 524 1286 popuii
544 1207 673 1271 Romani
696 1205 837 1286 appellati
859 1211 948 1282 sunt3
980 1212 1027 1290 et,
1057 1223 1125 1268 cum
1155 1226 1172 1269 a
1207 1206 1319 1270 ceteris

197 1381 201 1390 ,
224 1312 373 1379 Rhodano
404 1313 443 1378 ad
465 1303 603 1378 Rhenum
634 1333 732 1396 usque
754 1315 873 1400 populis
899 1334 938 1378 nc
966 1331 1026 1395 pax
1047 1314 1170 1395 quidem
1192 1321 1316 1395 posset,

225 1423 286 1487 nisi
310 1431 463 1506 suspecta,
486 1426 615 1506 sperari,
639 1426 697 1489 soii
715 1427 805 1489 etiam
823 1424 1098 1506 consanguinitatis
1112 1424 1236 1486 nomine
1249 1423 1321 1506 gio·
1343 1419 1346 1423 ’

224 1534 294 1594 riati
315 1540 403 1598 sunt:
427 1541 458 1596 et
476 1553 589 1614 nuper,
614 1542 647 1597 ut
664 1516 765 1598 media
787 1543 999 1616 praeteream,
1024 1535 1126 1598 divum
1150 1534 1319 1613 Claudium,

224 1650 382 1723 parentem
405 1649 511 1722 tuum,
535 1645 573 1706 ad
595 1645 823 1724 recuperandas
841 1644 954 1708 Gallias
976 1644 1034 1707 soii
1057 1649 1247 1707 vocaverunt
1260 1649 1317 1724 ¹J.“

322 1752 549 1833 imperatoriam
571 1753 678 1816 urbem
702 1754 863 1836 elegerunt
884 1754 1038 1834 principes
1054 1753 1249 1818 Trevirorum
1273 1752 1320 1814 ci-

222 1861 356 1924 vitatem.
400 1863 582 1925 innumerae
605 1863 722 1926 codicis
743 1862 950 1926 Theodosiani
983 1863 1239 1939 constitutiones,
1274 1843 1319 1922 uti

222 1975 383 2034 nutatura
407 1970 608 2052 Gotholredo‚
632 1973 737 2036 sedem
759 1973 838 2035 hanc
861 1973 957 2036 ferme
979 1972 1198 2053 imperatorum
1219 1971 1316 2034 fuisse

221 2085 379 2144 testantur.
413 2081 601 2163 ,Augustam
623 2081 747 2144 urbem“
769 2086 862 2144 vocat
884 2080 1040 2146 Ausonius
1063 2079 1211 2156 (Mosella
1225 2079 1315 2159 hat).

220 2187 398 2271 Exemplum
421 2210 438 2253 a
460 2191 604 2253 Postumo
628 2195 658 2252 et
673 2173 801 2278 -ienico
834 2189 935 2252 datum
959 2189 1057 2252 secuti
1085 2194 1155 2252 sunt
1175 2187 1317 2251 Maximi-

221 2300 331 2364 nianus
343 2301 491 2364 Hercules
505 2301 630 2382 eiusque
647 2317 857 2363 successores.
901 2299 1117 2376 Praemiorum,
1135 2297 1316 2375 divitiarum,

219 2409 370 2474 honorum
393 2411 494 2493 cupidi
518 2412 569 2491 qui
588 2411 668 2475 inter
684 2409 793 2492 ¹Gallos
817 2409 1006 2488 eloquentia,
1029 2406 1139 2471 litteris
1164 2413 1215 2486 aut
1236 2405 1317 2487 poli-

220 2521 282 2584 tico
314 2521 442 2606 ingenio
463 2513 698 2604 excellebant,
726 2519 908 2583 Caesaream
943 2508 1145 2580 maiestatem
1165 2515 1316 2580 laudaturi

220 2630 431 2694 accurrebant.
475 2630 564 2712 Apud
587 2631 730 2694 Treviros
753 2629 857 2693 sedem
880 2629 968 2696 suam
987 2633 1059 2690 tunc
1077 2627 1169 2690 etiam
1183 2625 1314 2688 habebat

221 2737 394 2816 praefectus
418 2739 600 2819 Galliarum,
624 2741 710 2804 cuius
733 2737 907 2802 auctoritati
936 2737 1076 2800 subditae
1098 2741 1185 2800 erant
1207 2741 1237 2796 et
1257 2735 1315 2798 iii-

220 2843 327 2923 spania
346 2851 375 2907 et
396 2845 562 2909 Britannia.
607 2846 680 2910 ideo
703 2848 898 2911 Trevirorum
920 2845 1091 2925 Episcopus
1122 2844 1155 2906 in
1180 2841 1315 2905 ecclesia

219 2952 385 3016 Galliarum
407 2971 524 3016 summo
547 2955 704 3018 fruebatur
726 2956 854 3019 honore.
899 2955 950 3020 Sic
973 2954 1075 3016 omnia
1098 2951 1313 3032 conspirarunt

217 3068 250 3124 ut
269 3063 404 3145 Treviri,
434 3063 729 3152 caputGailiarum,
758 3083 869 3148 magna
892 3064 1063 3153 frequentia
1084 3061 1314 3125 celebrarentur

216 3191 391 3256 magnoque
426 3173 592 3256 splendore
627 3179 739 3237 essent.
788 3176 1012 3238 incrementum
1044 3171 1125 3253 cepit
1153 3171 1253 3236 a'dhuc
1273 3179 1312 3244 ‘ea

215 3284 289 3348 urbs
313 3284 482 3348 Constantii
506 3284 610 3378 Chlori
638 3283 871 3347 benevolentia:
912 3284 994 3348 facta
1024 3289 1071 3348 est
1102 3283 1182 3345 enim
1215 3281 1311 3344 altera

214 3394 330 3474 Roma,
366 3395 537 3458 liberalium
560 3395 669 3458 artium
690 3393 808 3474 sedes,
842 3394 1001 3472 doctorum
1026 3399 1056 3456 et
1077 3392 1309 3475 ingeniosorum

214 3502 370 3566 hominum
401 3504 487 3583 quasi
519 3504 628 3566 forum.
674 3504 813 3566 Omnium
849 3503 1076 3582 disciplinarum
1097 3501 1309 3582 professores,

215 3608 417 3693 eloquentiae,
440 3599 592 3693 poeticae,
615 3611 842 3695 philosophiae,
867 3617 1010 3692 quaestus
1033 3615 1063 3673 et
1083 3608 1210 3672 honoris
1233 3625 1311 3688 gra-

213 3721 266 3801 tia,
289 3739 327 3784 eo
351 3721 576 3796 conveniebant
589 3698 644 3801 ²).‘

312 3831 377 3893 Hac
398 3830 478 3894 enim
500 3830 531 3891 in
556 3829 679 3894 civitate
702 3830 865 3907 Caesarea,
892 3823 1086 3906 eloquentiae
1107 3828 1140 3886 ut
1153 3829 1183 3888 ei
1202 3821 1309 3888 scien-

212 3937 322 4000 tiarum
345 3939 436 4002 laude
452 3938 664 4003 celebrabatur
685 3938 842 4002 academia
859 3938 925 4000 sive
948 3938 1172 4016 ,praetextatus
1187 3933 1306 4012 iudus,“

267 4173 297 4238 r)
316 4186 373 4237 esp.
392 4173 418 4226 a.
455 4175 525 4224 vne
544 4177 625 4225 etiam
643 4188 701 4240 cap.
722 4177 738 4224 a
759 4176 786 4225 ec
804 4176 830 4225 4.
897 4145 903 4162 ‘
999 4223 1001 4228 .

263 4271 294 4342 ii)
313 4267 381 4322 ittet
399 4267 476 4322 litte'ra
495 4271 528 4321 dc
546 4271 577 4320 ta
594 4272 710 4340 mace,
729 4273 752 4340 1,
769 4273 798 4322 P.
817 4273 839 4342 1,
859 4269 922 4339 315,
941 4271 1002 4322 316.
