3140 5076
696 251 947 332 ...7c...

290 461 293 468 “
368 454 551 538 „Florebant
570 454 743 540 elegantiae
763 453 886 535 priscae
903 452 1084 536 patrociniis
1099 450 1275 532 tribunalia,
1297 467 1367 516 cum

269 573 410 638 oratores
443 565 584 630 concitae
615 564 778 629 facundiae
799 565 905 628 attenti
925 563 1034 628 studiis
1056 562 1286 641 doctrinarum,
1316 562 1367 625 in-

268 677 383 761 genio,
414 674 494 756 lide,
525 675 622 756 copiis
646 675 898 756 ornamentisque
928 673 1055 737 dicendi
1080 673 1219 756 pluribus
1247 672 1367 736 erninc-

267 787 343 850 bant
365 832 499 847 .....
523 784 806 849 Excellentissimus
827 785 962 847 omnium
984 784 1113 862 Cicero,
1135 783 1285 847 orationis
1306 783 1367 846 im-

266 894 409 976 periosae
430 892 605 956 fulminibus
626 911 720 975 saepo
742 893 908 974 depressos
940 893 1059 975 aliquos
1090 893 1275 956 iudiciorum
1298 891 1365 955 eri-

265 1005 353 1086 piens
375 1003 526 1079 flammis,
554 1021 616 1064 oon
642 1003 762 1084 defends⁸
782 1003 916 1066 domines
948 1003 1015 1064 sine
1044 1002 1269 1082 vituperatione
1291 1001 1364 1081 for-

265 1120 470 1193 tassepcssc,
492 1113 674 1195 negligenter
694 1113 816 1194 defendi
833 1113 900 1176 siae
921 1113 1037 1176 seclae
1055 1129 1117 1174 noo
1134 1127 1238 1190 posse,
1254 1110 1362 1174 firma-

264 1223 326 1287 bat.
368 1223 410 1285 At
429 1239 510 1285 nunc
533 1222 641 1286 videre
663 1228 710 1286 est
728 1241 784 1302 per
808 1239 864 1284 ecs
894 1239 1002 1284 omnes
1033 1225 1147 1284 tractus
1172 1218 1308 1282 violenta
1329 1225 1361 1282 ct

263 1331 466 1414 rapacissima
488 1349 604 1415 genera
626 1331 800 1410 bominum,
829 1349 885 1412 per
907 1330 975 1394 fora
998 1330 1100 1394 omnia
1120 1328 1312 1396 volitantium
1332 1333 1364 1392 et

263 1441 484 1506 subsidentium
520 1441 630 1504 divites
653 1441 763 1504 domos
790 1447 823 1503 ut
844 1441 1011 1524 Spartanos
1043 1457 1136 1526 canes
1169 1437 1361 1518 auterens,

263 1551 397 1635 vestigia
418 1551 562 1636 sagacius
583 1550 774 1635 colligendo,
793 1631 795 1636 Ι
812 1550 850 1614 ad
874 1552 940 1632 ipsa
962 1549 1074 1614 cubilia
1097 1548 1263 1630 pervenire
1283 1563 1360 1611 oau-

263 1677 375 1725 sarum.
398 1661 452 1738 ln
482 1660 530 1724 his
558 1661 673 1741 primus
702 1665 748 1723 cst
770 1665 877 1722 coetus
900 1677 1006 1723 eorum
1034 1658 1086 1740 qui
1108 1655 1287 1722 seminando
1310 1655 1359 1719 di-

262 1787 354 1833 versa
375 1769 486 1852 iurgia,
509 1777 565 1851 per
584 1769 759 1834 vadimonia
780 1769 862 1832 mille
884 1769 1047 1848 iactantur,
1071 1767 1233 1832 viduarum
1253 1771 1359 1848 postes

266 1884 297 1941 et
320 1877 464 1942 orborum
496 1877 605 1956 limina
630 1879 825 1957 deterentes,
860 1884 890 1942 et
923 1877 1006 1941 avidi
1036 1876 1117 1941 inter
1145 1875 1360 1939 discordantes

264 1987 383 2051 amicos
401 1993 452 2050 aut
473 1987 661 2068 propinquos
685 1987 734 2051 vel
755 1987 863 2052 affines
880 1987 1075 2064 simultatum,
1097 1985 1137 2048 ob
1155 1985 1237 2049 levia
1253 1983 1362 2049 scrinii

262 2096 458 2177 receptacula
490 2096 561 2159 odia
592 2102 746 2160 struentes
776 2097 908 2160 infesta:
938 2096 970 2159 in
1004 2094 1112 2177 quibus
1145 2094 1252 2158 aetatis
1284 2110 1362 2174 pro-

261 2223 383 2288 gressu,
405 2224 479 2286 non,
502 2212 535 2268 ut
556 2203 696 2284 aliorum,
718 2206 792 2269 vitia
814 2207 1018 2286 intepescunt,
1040 2203 1096 2267 sed
1120 2203 1218 2286 magis
1242 2201 1361 2284 magis-

261 2331 321 2397 que
342 2314 538 2393 roborantur,
561 2315 641 2378 inter
662 2306 785 2396 rapinas
808 2314 997 2378 insatiabiles
1021 2314 1148 2393 inopes,
1171 2311 1210 2375 ad
1232 2311 1363 2392 capien-

262 2423 332 2486 dam
354 2425 487 2487 versutis
510 2423 701 2486 orationibus
726 2422 868 2486 'iudicum
889 2423 1002 2501 fidem,
1033 2439 1161 2504 quorum
1184 2437 1298 2485 nomen
1323 2439 1363 2484 ex
1400 2488 1407 2500 ,

262 2531 376 2595 iustitia
407 2539 510 2597 natum
533 2539 599 2612 est,
632 2533 728 2596 sicam
751 2533 868 2616 ingenii
890 2532 1119 2616 distringentes.
1163 2529 1278 2594 Horum
1301 2531 1362 2594 ob-

261 2641 425 2705 stinatione
443 2635 613 2704 libertatem
639 2639 807 2720 temeritas,
828 2642 1030 2707 constantiam
1052 2640 1181 2705 audacia
1202 2657 1361 2722 praeceps,

261 2749 467 2833 eloquentiam
489 2749 591 2815 inanis
613 2751 763 2833 quaedam
794 2752 928 2816 imitatur
958 2751 1081 2816 fluentia
1103 2749 1259 2831 loquendi.
1287 2795 1294 2812 .
1319 2797 1326 2812 .
1353 2795 1361 2812 .

260 2859 381 2924 Tertius
403 2867 581 2940 eorumest
598 2861 676 2926 ordo
699 2862 762 2943 qui,
783 2868 816 2924 ut
838 2861 870 2923 in
887 2861 1083 2943 professione
1105 2858 1275 2937 turbulenta
1297 2858 1364 2924 cla-

260 2976 400 3050 rescant,
436 2970 475 3035 ad
497 2972 732 3057 expugnandam
753 2971 912 3036 veritatem
937 2988 991 3034 ora
1022 2968 1213 3034 mercenaria
1246 2985 1363 3050 procu-

261 3079 386 3160 dentes,
422 3099 478 3162 per
497 3082 674 3163 prostitutas
697 3082 815 3145 frontes
836 3081 976 3163 vilesque
1001 3081 1148 3158 latratus,
1181 3095 1242 3162 quo
1264 3075 1362 3142 velint

260 3188 359 3254 aditus
379 3190 439 3254 sibi
461 3191 650 3271 patefaciunt
671 3191 815 3254 crebros:
839 3190 904 3272 ‘qui
929 3191 1011 3253 inter
1030 3187 1254 3260 sollicitudines
1278 3186 1363 3251 iudi-

261 3315 338 3377 cum,
363 3316 420 3379 per
440 3300 532 3362 multa
557 3300 724 3379 distentas,
755 3300 941 3364 irresolubili
962 3316 1044 3363 nexu
1065 3298 1236 3363 vincientes
1258 3315 1362 3383 nego-

259 3407 319 3487 tia,
353 3406 495 3470 laborant
521 3414 555 3470 ut
586 3407 685 3471 omnis
719 3408 806 3491 quies
827 3409 931 3472 litibus
953 3408 1145 3490 implicetur,
1177 3412 1208 3470 ot
1228 3407 1358 3471 nodosis

260 3515 513 3599 quaestionibus,
546 3515 585 3578 de
605 3516 776 3598 industria,
807 3517 920 3580 iudicia
943 3517 1201 3582 circumscribunt
1221 3561 1358 3578 .....

261 3627 405 3704 Quartum
427 3630 518 3707 atque
539 3631 725 3707 postremum
756 3633 803 3691 est
826 3645 925 3712 genus
947 3627 1129 3708 impudens,
1159 3625 1307 3708 pervicax
1329 3630 1361 3688 et

257 3735 425 3815 indoctum,
450 3753 555 3800 eorum
577 3737 627 3818 qui
650 3745 720 3800 cum
743 3738 900 3801 immature
921 3757 938 3800 a
958 3737 1115 3802 litterariis
1136 3735 1293 3818 eruperint
1310 3734 1360 3798 lu-

259 3844 318 3924 dis,
336 3863 393 3926 per
414 3847 545 3931 angulos
568 3846 700 3910 civitatis
722 3846 908 3924 discurrunt,
930 3847 1022 3910 mimo
1044 3847 1174 3926 iambos,
1196 3863 1260 3908 non
1280 3863 1358 3910 cau-

261 3969 364 4017 sarum
387 3955 532 4020 remediis
556 3973 708 4040 congrua,
731 3959 989 4036 commentantes,
1013 3956 1098 4020 fores
1120 3955 1247 4018 divitum
1267 3955 1358 4018 dete-

260 4062 379 4140 rendo,
406 4080 572 4127 coenarum
594 4065 793 4146 ciborumque
817 4069 1004 4145 aucupantes
1027 4062 1155 4128 delicias
1177 4064 1356 4146 exquisitas,

260 4172 312 4254 qui
334 4186 404 4234 cum
429 4173 524 4235 semel
546 4174 725 4237 umbraticis
746 4174 841 4238 lucris
873 4180 903 4236 et
931 4173 1096 4239 inhiandae
1129 4174 1264 4257 undique
1298 4191 1358 4254 pe-

262 4281 371 4347 cuniae
392 4297 464 4344 sese
486 4281 677 4362 dediderint,
711 4281 835 4370 litigare
858 4283 970 4348 frustra
992 4283 1146 4365 quoslibet
1176 4283 1359 4350 innocentes
