3140 5076
690 237 936 312 ..44-

271 432 365 498 aedes
389 432 539 497 docendis
553 432 663 496 litteris
682 431 862 510 destinatae,
874 431 1034 497 Maeniana
1049 430 1190 514 appellat,
1212 449 1268 514 per
1283 438 1364 495 tem-

267 562 375 626 porum
397 542 583 608 calamitates
606 554 736 606 eversae
760 548 855 604 erant.
902 526 934 604 ln
959 543 1026 625 ipso
1050 544 1185 608 muneris
1204 543 1307 623 aditu,
1331 549 1364 607 ut

266 655 412 736 principis
434 647 646 717 liberalitatem
668 658 698 714 et
720 653 851 715 animum
873 669 1163 735 suumgenerosum
1180 652 1363 732 declararet,

266 764 387 845 publice
419 781 524 827 eoram
548 762 664 827 Galliae
694 762 907 845 Lugdunensis
937 762 1054 842 primae
1084 762 1229 843 praeside
1251 781 1279 825 a.
1301 761 1364 828 296

265 875 437 938 orationem
458 873 563 936 habuit
584 890 662 952 quae
684 873 764 934 inter
785 871 994 954 Panegyricos
1017 870 1107 935 tertia
1130 875 1194 951 est,
1217 872 1364 953 inscripta

262 999 323 1063 pro
341 981 551 1044 instaurandis
573 980 686 1043 scholis
700 988 756 1062 ¹).“
799 981 846 1044 Ex
868 999 904 1043 ea
933 981 1074 1043 oratione
1101 979 1141 1043 de
1162 980 1365 1062 Augustodu-

265 1093 353 1156 nensi
376 1097 406 1154 et
428 1091 495 1155 aliis
525 1092 693 1155 litterarum
727 1091 843 1154 scholis
872 1091 958 1155 varia
996 1091 1118 1153 discere
1152 1090 1233 1153 licet.
1278 1091 1362 1155 lllam

218 1235 220 1239 ·
267 1200 298 1264 in
317 1201 512 1286 nobilissima
534 1200 630 1264 urhis
644 1205 740 1280 parte,
765 1200 852 1280 quasi
870 1199 979 1288 aedem
1000 1199 1163 1279 Musarum,
1186 1199 1266 1263 inter
1282 1201 1362 1264 Her-

265 1309 342 1374 culis
375 1311 554 1392 Musagetae
584 1316 615 1373 et
644 1309 795 1390 Apollinis
835 1309 928 1372 aedes
958 1309 1049 1372 sitam
1081 1309 1176 1372 luisse
1206 1309 1364 1391 praedicat

264 1427 309 1497 (c.
317 1422 364 1497 7).
409 1419 554 1498 ,Caesam
577 1419 619 1482 ait
639 1418 820 1500 panegyrici
842 1418 958 1497 auctor,
983 1418 1033 1480 avi
1053 1418 1195 1482 Herculis
1216 1419 1362 1483 instinctu

248 1535 347 1593 tanto
370 1528 501 1592 studium
516 1527 684 1590 litterarum
707 1528 814 1602 lavore
835 1528 1041 1609 prosequitur,
1062 1534 1094 1589 ut
1116 1546 1179 1592 non
1200 1529 1300 1592 minus
1322 1529 1368 1592 ad

263 1637 488 1720 providentiam
509 1637 647 1701 Numinis
683 1637 730 1700 sui
755 1638 907 1702 existimet
937 1638 1092 1718 pertinere
1112 1639 1192 1702 bene
1215 1639 1360 1720 dicendi,

266 1765 355 1828 quarn
387 1751 473 1810 recte
502 1744 638 1810 lactendi
673 1746 867 1828 disciplinas:
903 1753 932 1810 et
953 1765 1008 1828 pro
1032 1747 1135 1811 divina
1160 1748 1361 1831 intelligentia

263 1857 372 1920 mentis
394 1861 539 1919 aeternae
561 1855 682 1935 sentiat,
705 1856 821 1919 litteras
836 1856 970 1920 omnium
986 1856 1182 1921 fundamenta
1204 1875 1276 1921 csse
1291 1859 1361 1922 vir-

262 1970 368 2045 tutum,
392 1970 495 2046 utpote
517 1966 736 2043 continentiae,
759 1965 948 2045 modestiae,
971 1965 1169 2047 vigilantiae,
1191 1967 1359 2048 patientiae

262 2076 442 2159 magistras:
466 2093 544 2156 quae
559 2075 704 2140 universa
721 2093 791 2138 cum·
810 2076 842 2137 in
864 2074 1118 2138 consuetudinem
1131 2081 1237 2139 tenera
1260 2083 1361 2142 aetate

165 2217 168 2223 ι
260 2191 419 2264 venerunt,
443 2185 605 2248 adomnia
629 2184 901 2266 deincepsofficta
920 2185 1022 2263 vitae,
1046 2191 1076 2246 et
1097 2185 1180 2267 ipsa,
1204 2203 1284 2266 quae
1308 2185 1359 2249 di-

260 2295 439 2358 versissima
459 2294 622 2374 videntur,
659 2295 784 2359 militiae
811 2301 900 2375 atque
922 2300 1095 2358 castrorum
1115 2295 1218 2358 munia
1240 2313 1360 2359 conua-

260 2399 414 2468 tescunt‘s
444 2412 527 2484 (cap.
543 2406 591 2481 8).
634 2403 761 2484 Scholas
785 2405 866 2467 idem
889 2405 1019 2486 appellat
1050 2404 1168 2485 ,onmis
1188 2405 1359 2470 industriae

262 2519 353 2593 atque
374 2513 473 2576 omnis
495 2513 594 2577 laudis
615 2514 770 2593 nutrices,
792 2519 843 2578 aut
863 2520 895 2576 ut
915 2514 1020 2578 verius
1041 2513 1192 2594 loquatur,
1215 2521 1358 2578 matres.“

261 2619 333 2700 (ib).
355 2620 485 2686 Tabulas
508 2622 734 2706 geographicas
756 2623 788 2684 in
809 2623 931 2704 porticu
952 2624 1049 2704 pictas
1076 2624 1219 2688 celebrat.
1243 2624 1359 2706 ,vide-

262 2736 293 2796 at
316 2732 347 2794 in
371 2730 431 2794 illis
452 2732 621 2812 porticibus
645 2733 785 2796 iuventus
808 2739 839 2797 ct
859 2734 996 2813 quotidie
1017 2739 1136 2816 spectet
1150 2751 1267 2806 ‚omnes
1292 2741 1358 2798 ter-

259 2859 309 2905 ras
333 2847 363 2905 et
384 2847 493 2905 cuncta
515 2843 621 2906 maria.
647 2889 654 2904 .
678 2888 685 2904 .
710 2889 716 2904 .
739 2843 896 2922 Siquidem
918 2842 997 2923 illic,
1022 2829 1134 2923 credo,
1158 2843 1358 2909 instruendae

258 2953 407 3034 pucritiae
430 2971 535 3032 causa,
559 2969 621 3034 quo
642 2953 831 3018 manifestius
855 2952 952 3044 oculis
976 2952 1180 3034 discerentur,
1202 2973 1281 3036 quae
1296 2955 1360 3019 dil-

259 3061 369 3125 ficilius
390 3063 600 3143 percipiuntur
623 3045 745 3144 auditu,
777 3064 922 3126 omnium
936 3082 1003 3129 cum
1025 3064 1201 3131 nominibus
1224 3065 1287 3127 suis
1309 3065 1359 3129 lo-

261 3189 367 3235 corum
386 3172 473 3249 situs,
496 3172 604 3252 spatia,
628 3172 787 3236 intervalla
802 3173 957 3255 descripta
978 3179 1058 3253 sunt,
1082 3173 1228 3255 quidquid
1246 3175 1359 3256 ubique

262 3281 418 3345 fluminum
441 3281 537 3343 oritur
565 3285 596 3344 et
621 3280 783 3360 conditur,
821 3299 1011 3363 quacumque
1039 3300 1074 3347 se
1104 3283 1240 3347 littorum
1268 3285 1354 3350 sinus

261 3389 402 3469 flectunt,
427 3407 505 3470 quae
526 3389 577 3452 vel
600 3390 713 3453 ambitu
735 3391 832 3473 cingit
853 3391 982 3472 orbem,
1011 3393 1061 3456 vel
1083 3393 1197 3478 impetu
1218 3393 1358 3476 irrumpit

261 3499 435 3567 Oceanus.“
459 3508 503 3576 (c.
527 3498 594 3576 20).

357 3606 428 3672 Alia
459 3607 510 3672 die
542 3608 625 3672 idern
655 3609 839 3690 Eumenius,
874 3611 917 3675 uti
945 3612 1020 3675 viris
1051 3612 1151 3677 doctis
1180 3614 1302 3678 videtur
1326 3621 1355 3696 2)

260 3718 320 3781 iam
342 3736 404 3783 non
426 3719 537 3800 privati
559 3717 652 3783 studii
678 3719 868 3802 litterarum,
898 3721 953 3784 sed
973 3721 1112 3803 publicae
1134 3724 1349 3807 gratulationis

260 3833 394 3904 orator,
430 3827 600 3908 gratiaram
632 3828 781 3898 actionem
815 3829 1011 3894 Constantino
1040 3832 1176 3920 Augusto
1211 3834 1355 3898 Flavion-

313 4068 343 4134 1)
363 4068 492 4135 dicacitas,
514 4083 538 4120 u.
556 4084 579 4121 s.
598 4073 642 4123 97.

307 4168 339 4235 tt)
355 4165 505 4242 ¹ltoluuino,
523 4167 659 4236 titvtncio,
680 4169 799 4236 Baunto,
831 4168 967 4240 cellario,
996 4170 1174 4226 dothoiredo.
1211 4175 1281 4230 vide
1299 4177 1355 4230 not.

354 4262 382 4312 tn
401 4257 594 4328 remandavi.
614 4262 677 4316 edit.
693 4265 844 4334 admonit,
864 4268 883 4317 t.
902 4267 938 4336 11,
956 4281 983 4333 p.
1003 4265 1066 4338 etc,
1078 4267 1149 4322 Ι4111.
