3140 5076
600 271 847 348 «51.-

177 462 303 528 ldaioris
337 467 439 526 tamon
468 462 647 546 plerumque
676 463 789 526 fiebant
812 467 977 540 cantores,
1008 461 1170 528 saltatores
1178 469 1195 542 ,¹
1220 463 1271 527 hi-

179 576 333 652 striones,
359 591 447 654 quam
471 573 556 636 docti
577 573 717 636 homines
738 573 789 653 qui
809 589 922 654 pueros
951 577 982 636 et
1004 572 1131 636 iuvenes
1158 573 1273 636 artibus

180 683 218 746 ad
241 683 364 746 civilem
385 685 477 746 vitam
500 683 623 746 utilibus
658 681 843 745 imbuebant.
892 681 974 745 'Ideo
996 681 1143 746 Martialis
1175 683 1274 746 amico

180 792 300 857 cuidam
324 793 423 857 hocce
447 793 498 856 dat
519 793 698 856 consilium:

348 901 403 964 cui
424 901 538 981 badas,
561 903 654 982 Lupe,
678 900 772 963 lilium
790 898 953 992 magistro,

346 1010 475 1086 Quaeris
498 1009 647 1074 sollicitus
673 1011 736 1088 diu,
759 1026 929 1091 rogasque·
965 1035 967 1044 ·

348 1120 462 1184 Omnes
483 1119 761 1202 grammaticosque
783 1117 985 1198 rhetorasque

345 1228 482 1306 Deuites,
506 1245 640 1290 moneo:
662 1226 739 1290 nihil
759 1226 799 1290 sit
818 1225 862 1289 illi

345 1337 420 1400 Gom
441 1337 529 1400 libris
552 1337 722 1416 ciceronis,
744 1341 798 1400 aut
815 1335 960 1399 llaronis.
1073 1411 1076 1422 ¹

346 1446 458 1510 Famae
478 1446 619 1512 Tutilium
640 1463 716 1510 suae
737 1445 898 1526 relinquat.

347 1555 380 1620 Si
397 1573 507 1618 versus
529 1555 614 1633 lacit,
639 1555 771 1619 abdices
786 1558 917 1636 poetam.
986 1569 1012 1581 ‘¹

348 1663 440 1726 Artes
464 1664 586 1728 discere
606 1661 670 1726 vult
690 1663 898 1742 pecuniosus?

349 1771 421 1849 Fac,
445 1771 554 1850 discat,
581 1771 779 1835 citharoedus
804 1777 854 1834 aut
874 1769 1047 1836 choraules.
1071 1789 1075 1796 ’

350 1879 382 1941 si
401 1878 469 1941 duri
491 1897 568 1959 puer
589 1880 696 1963 ingeni
717 1879 850 1959 videtur,

348 1988 538 2054 Praeconem
558 1989 655 2053 iacias
676 1994 728 2052 aut
747 1989 949 2053 architectum
965 1995 1000 2069 ¹).

125 2165 127 2168 ,
183 2096 218 2158 ln
240 2097 390 2162 societate
411 2098 569 2162 hominum
588 2098 848 2179 splendidioribus
869 2097 1014 2178 praemiis
1037 2095 1088 2177 qui
1104 2096 1187 2160 vitae
1209 2094 1282 2170 illc-

167 2207 286 2270 -cebris
308 2223 419 2270 sensus
442 2205 631 2288 permulcent
662 2224 752 2288 quam
780 2207 832 2287 qui
853 2207 935 2268 vitae
956 2205 1137 2288 dignitatem
1156 2221 1284 2286 promo-

184 2322 258 2378 vent
289 2333 382 2397 saepe
415 2317 615 2380 honorantur.
664 2301 888 2380 Grammaticus
924 2313 1108 2382 iuuenilibus
1132 2313 1284 2377 mentibus

184 2441 281 2488 nouas
301 2424 461 2508 cogitandi
487 2426 584 2504 aperit
602 2424 670 2488 vias
692 2429 724 2488 et
745 2424 825 2488 lame
845 2423 1033 2508 languescit;
1068 2422 1194 2486 saltator
1216 2421 1284 2486 ela-

182 2549 273 2613 gans,
297 2533 420 2596 divitius
438 2541 613 2617 congerens
636 2550 723 2611 auro,
746 2533 778 2595 in
791 2531 887 2598 rheda
905 2533 1086 2614 superbiens
1109 2530 1285 2613 quadrupe-

185 2639 276 2704 dante
299 2642 402 2704 sonitu
423 2659 478 2722 per
499 2641 655 2704 hominum
677 2642 770 2705 urbes
794 2641 924 2705 vehitur.
1045 2706 1049 2712 ,

287 2748 505 2828 Vespasianus,
530 2750 656 2833 ingenia
677 2735 708 2812 et
731 2756 813 2812 artes
834 2748 883 2812 vel
905 2749 1037 2812 maxime
1062 2748 1192 2828 fovens,
1216 2751 1286 2829 prl-

187 2873 253 2920 mus
275 2873 292 2920 a
313 2837 388 2920 lisco
410 2857 526 2920 Latinis
544 2858 733 2938 Graecisque
746 2857 925 2920 rhetoribus
939 2873 1039 2923 annua
1061 2864 1191 2920 centana
1206 2873 1287 2920 con-

187 2965 293 3027 stituit.
334 2965 386 3032 Sic
410 2965 573 3029 Suetonius
592 2971 630 3040 2).
673 2965 871 3044 Quintiliani,
901 2967 953 3047 qui
973 2966 1089 3046 primus
1112 2983 1179 3029 cam
1201 2984 1287 3030 mer-

189 3071 297 3138 cedem
329 3075 471 3155 accepit‚
503 3073 710 3158 singularibus
742 3067 865 3138 meritis
891 3073 922 3137 id
943 3075 1111 3156 praemium
1143 3076 1288 3158 tribuisse

188 3181 409 3264 Vespasianum
431 3200 495 3246 non
516 3184 649 3265 negabo.
689 3183 846 3251 sortasse
865 3200 941 3247 vero
965 3191 1047 3248 artes
1058 3171 1156 3249 'simul
1182 3192 1214 3250 et
1237 3187 1289 3250 lo-

188 3308 262 3354 vere
284 3298 313 3357 et
335 3293 508 3386 auctoritati
529 3285 603 3358 'suae
626 3293 803 3370 submittere
824 3293 930 3359 voluit.
985 3295 1084 3370 Quum
1106 3303 1195 3364 antea
1212 3296 1289 3362 rhe-

188 3407 296 3481 tores,
332 3403 370 3466 ab
393 3406 563 3480 auditorum
588 3404 696 3468 lavore
715 3403 910 3486 pendentes,
942 3422 1048 3468 eorum
1067 3405 1216 3472 voluntati
1237 3405 1289 3470 iri-

190 3513 310 3576 sorvire
339 3512 512 3592 deberent,
551 3531 606 3577 eos
637 3513 676 3576 ab
697 3511 756 3576 hac
778 3513 926 3576 servitute
955 3513 1116 3578 liberando
1148 3517 1208 3579 sibi
1231 3517 1290 3580 de-

190 3619 295 3681 vinxit.
345 3621 413 3684 Non
432 3622 512 3684 sicut
534 3621 625 3684 Gaius
650 3626 682 3682 et
702 3621 784 3690 Naro
806 3621 1073 3700 persecutionibus
1087 3626 1127 3700 ³),
1151 3623 1206 3686 sed
1229 3624 1290 3687 be·-

191 3726 311 3790 noiiciis
343 3728 502 3791 rhetorum
537 3727 696 3804 audaciam
721 3729 927 3808 conpescuit3
962 3734 1138 3808 tantumque
1157 3729 1217 3791 hac
1237 3749 1292 3795 ra-

192 3834 276 3899 tione
297 3836 431 3918 profecit
451 3844 484 3900 ut
507 3855 534 3900 e.
557 3857 589 3922 g.
621 3837 798 3913 Quintiliani
817 3839 993 3904 fidelitatem
1013 3841 1080 3922 ipse
1100 3839 1292 3906 Domitianus

248 4062 276 4133 1)
293 4062 343 4133 lx,
362 4063 406 4117 77.

244 4177 276 4244 a)
294 4177 411 4242 vespas.
425 4176 469 4230 is.

249 4290 281 4356 ³)
301 4291 390 4356 Supra
402 4290 447 4342 w.
