3140 5076
620 231 866 306 ..41-

296 428 357 492 lam
379 428 452 491 inde
475 429 513 492 ab
537 445 618 491 anno
641 429 675 492 ll.
699 428 728 492 S.
752 428 813 490 275
833 426 957 490 barbari
972 426 1075 508 populi
1098 427 1290 508 Germaniae,

196 539 315 618 Franci,
329 538 573 620 Burgundiones,
585 537 724 616 Vandali,
741 538 946 600 Romanorum
960 537 1189 619 propugnacula
1204 555 1296 600 ever-

196 653 307 727 tentes,
328 648 466 722 Rhenum
486 653 688 726 transeuntes,
715 645 828 710 Gallias
844 647 1016 728 irruperunt
1038 653 1078 724 et,
1095 647 1209 710 biennii
1224 665 1298 728 spa·

199 758 241 821 tio
266 774 329 821 non
362 756 521 836 absoluto,
553 757 745 840 septuaginta
768 775 895 839 magnas
918 763 948 820 et
975 757 1134 839 opulentas
1158 756 1297 820 civitates

200 867 388 932 devicerunt.
434 867 496 930 llos
519 866 655 929 vicissim
678 867 843 947 superavit,
867 866 1029 947 multisque
1053 866 1174 929 milibus
1199 866 1299 929 inter-

199 977 288 1040 iectis
310 976 424 1057 expulit
444 976 609 1057 imperator
631 975 756 1038 Probus.
804 976 875 1038 Post
895 973 972 1038 baec
994 975 1161 1039 certamina
1183 974 1295 1038 tumul-

200 1092 248 1150 tus
271 1086 409 1150 exoritur
429 1085 550 1149 Proculi
573 1091 603 1148 et
624 1085 768 1163 Bon‘csii3
790 1085 851 1164 bic,
873 1077 1064 1166 grammatici
1084 1083 1173 1163 lilius,
1195 1102 1213 1148 a
1234 1083 1295 1146 mi-

197 1195 299 1259 litibus
329 1213 405 1277 quos
441 1195 572 1258 ducebat
602 1195 768 1275 imperator
800 1191 1007 1270 renuntiatur,
1043 1193 1192 1257 audaciae
1222 1205 1297 1257 vero

198 1323 314 1388 poenas
332 1303 393 1384 dat,
418 1311 448 1368 et
462 1304 667 1388 ignominiosa
685 1323 764 1369 nece
785 1303 863 1385 pepli
876 1310 914 1381 ¹).
950 1303 1041 1366 Paulo
1059 1309 1137 1384 post,
1149 1322 1206 1384 per
1221 1301 1298 1366 Gal-

199 1415 270 1478 liam
292 1415 477 1480 factionibus
497 1433 617 1496 semper
639 1414 779 1492 divisam,
801 1413 946 1476 Helianus
968 1412 1185 1493 Amandusque
1210 1403 1298 1475 cnci-

199 1531 263 1588 tont
285 1541 405 1588 manum
428 1525 593 1607 agrestium
626 1542 663 1586 ec
689 1523 856 1601 latronum,
891 1539 967 1603 quos
990 1521 1156 1602 Bcpcudus
1177 1521 1299 1585 incolae

199 1638 368 1713 vocant2),
389 1640 435 1712 ei,
458 1633 608 1715 populatis
632 1632 693 1695 late
717 1632 817 1714 agris,
847 1611 1007 1712 plerasque
1029 1631 1148 1694 urbium
1170 1637 1297 1694 tentant.

199 1745 261 1808 Eos
282 1743 370 1806 brevi
391 1743 591 1806 Maximianus
614 1742 782 1805 Herculeus
813 1741 911 1804 lundit
936 1747 987 1803 aut
1009 1741 1121 1821 accipit
1145 1746 1176 1804 et
1197 1741 1298 1822 quieta

201 1851 302 1915 omnia
322 1855 479 1932 patrati),
512 1868 592 1914 anno
615 1851 687 1916 287.
730 1850 803 1914 Tum
834 1867 908 1914 vero
927 1849 1184 1929 Alamannorum,
1217 1849 1298 1912 Bur-

201 1961 410 2044 gundionum,
432 1959 634 2039 tietmarum,
657 1961 859 2038 Francorum,
882 1959 1035 2023 Saxonum
1059 1977 1158 2024 novae
1181 1963 1210 2021 et
1233 1959 1299 2021 lre-

202 2076 328 2154 quantes
362 2071 565 2134 incursiones.
616 2070 665 2133 Ad
690 2069 901 2133 defendendas
929 2069 1122 2149 provincias,
1147 2068 1303 2150 repellenss

202 2181 317 2261 dasque
347 2180 547 2244 barbarorum
569 2185 731 2258 catervas,
765 2171 966 2258 imperatores
990 2178 1095 2240 sedem
1117 2177 1149 2238 in
1173 2176 1301 2240 Galliam

204 2290 430 2374 transtulerunt.
486 2290 602 2353 Primus
634 2288 755 2370 quidem
778 2287 972 2354 constantius
1004 2287 1133 2350 Chlorus
1159 2303 1212 2350 eas
1236 2291 1302 2349 ter-

204 2417 256 2464 ras
279 2401 424 2466 Romanis
448 2399 622 2484 legionibus
643 2397 778 2464 reddidit
788 2400 829 2478 lJ.
913 2393 916 2398 ’
958 2427 964 2440 1

205 2617 234 2702 §.
256 2627 306 2686 10.
351 2619 447 2686 Nora
475 2625 510 2685 et
541 2618 679 2708 felicior
707 2617 895 2684 litterarum
916 2618 1074 2702 periodus
1092 2616 1133 2683 ob
1153 2623 1298 2684 exeunte

249 2735 313 2803 tlt.
335 2738 450 2804 seculo
474 2738 518 2804 od
536 2757 665 2804 emenus
684 2736 791 2819 ferme
813 2734 871 2802 W.
897 2735 1102 2802 Litterarum
1122 2735 1259 2802 scholae

658 2858 697 2918 ‘in
724 2853 849 2919 Gallio.

307 3023 498 3102 Litterariae,
522 3024 614 3088 immo
637 2982 792 3088 oratoriae
814 3024 1028 3124 abundantiae,
1053 3023 1203 3088 in'Galliis
1224 3043 1305 3090 nova

208 3142 258 3216 et,
291 3139 382 3216 prout
403 3140 540 3215 tempora
562 3133 720 3212 serebant,
755 3134 830 3206 satis
854 3134 992 3216 gloriosa
1020 3134 1166 3215 periodus
1190 3135 1304 3216 incepit

420 3311 489 3320 ——--

258 3413 289 3478 l)
308 3410 377 3464 bliot.
395 3407 473 3463 litter.
491 3411 525 3462 de
542 3410 573 3462 la
590 3409 640 3462 lib.
657 3410 681 3478 l,
699 3410 728 3460 P.
747 3409 770 3478 Ι,
788 3409 850 3479 sls,
873 3408 936 3461 821.
1169 3467 1172 3474 Δ

209 3510 224 3579 ζ
261 3509 291 3576 a)
313 3508 401 3578 „cnm
419 3509 559 3559 tumultum
582 3505 712 3558 rusticani
737 3509 764 3556 in
783 3506 873 3557 Gallia
902 3507 1117 3577 concitavissent
1142 3509 1171 3559 et
1194 3509 1307 3559 factioni

307 3617 374 3656 suae
389 3603 589 3669 Bapaudnmm
611 3615 710 3657 nornen
735 3603 935 3666 imponeremus
970 3603 1053 3654 Pani.
1072 3603 1186 3655 Βίαοοη.
1207 3603 1243 3666 Χ,
1261 3603 1306 3654 40.

310 3701 342 3750 lt
363 3699 514 3750 Iomanem
532 3699 565 3750 da
577 3700 695 3763 Repnor.
710 3711 826 3750 success.
845 3699 889 3752 87.
926 3700 1078 3769 „Militares
1093 3699 1197 3748 babitus
1218 3701 1307 3761 ignari

312 3794 451 3858 agrtcclae
470 3797 667 3858 appetiverunt:
690 3797 783 3846 arator
799 3798 924 3863 peditem,
942 3797 1039 3859 pastor
1057 3796 1181 3860 equitem,
1199 3794 1306 3846 bostem

315 3890 457 3940 barbarum
483 3900 593 3940 suorum
631 3891 763 3942 cultorum
791 3895 908 3944 rusticus
938 3893 1062 3942 vastator
1089 3891 1205 3942 imitatus
1235 3891 1307 3944 csts‘

308 3984 468 4036 Mamertini
476 3985 613 4050 Panepor.
624 3987 826 4052 Mamiminicnc
845 3989 939 4040 dictus.
961 4001 983 4038 c.
997 3990 1023 4040 4.
1044 3988 1113 4060 Vlde
1133 3990 1161 4041 et
1177 3988 1309 4042 Eumenis

312 4083 387 4136 cmt.
405 4095 456 4148 pro
474 4083 585 4134 instaur.
607 4084 715 4136 scholia.
735 4099 759 4136 c.
777 4089 802 4137 4.

263 4183 294 4249 a)
312 4177 405 4231 Aurei.
425 4178 492 4230 Vict.
512 4178 546 4229 dc
564 4179 703 4233 Caesarib.
720 4195 744 4234 c.
762 4183 805 4234 39.

259 4275 291 4345 4)
313 4273 420 4344 vopisc.
437 4277 466 4329 tn
487 4274 598 4344 omaro,
618 4273 660 4328 18.
