3140 5076
273 1097 370 1172 Quum
392 1095 424 1159 in
445 1095 575 1160 historia
604 1095 770 1172 litteraria,
805 1093 996 1158 recentiores
1024 1093 1165 1158 nationes
1195 1093 1274 1156 inter

175 1205 439 1284 recenseantur,
464 1222 614 1286 quaenam
629 1185 763 1266 omnium
785 1202 816 1264 in
839 1203 928 1282 poesi
942 1201 1057 1282 primas
1080 1206 1184 1264 tenent
1201 1219 1276 1282 par-

176 1320 233 1395 tes,
257 1313 406 1397 disputari
427 1318 539 1395 potest,
562 1311 613 1376 vel
636 1312 735 1392 potius
759 1311 790 1374 in
815 1309 875 1375 hoc
896 1310 1068 1374 consentiri
1087 1309 1190 1388 debet,
1214 1328 1273 1373 vc-

175 1426 291 1490 riorum
312 1424 492 1508 populorum
514 1421 670 1505 principes
698 1426 805 1503 poetas
838 1421 933 1484 variis
956 1421 1016 1484 viis
1038 1437 1189 1484 summmn
1210 1418 1275 1484 lle-

173 1533 307 1600 liconem
323 1534 473 1616 attigisse.
518 1531 635 1594 Eodem
651 1531 743 1593 modo
756 1548 859 1593 rerum
874 1529 1167 1594 conscribendarum
1180 1546 1275 1611 prae-

175 1644 264 1726 cipua
285 1643 352 1706 laus
375 1643 455 1705 inter
476 1640 619 1718 italicos,
649 1639 833 1716 Britannos,
864 1638 1033 1703 Germanos
1056 1645 1086 1700 et
1107 1639 1276 1704 hodiernos

178 1751 283 1814 Gallos
303 1750 441 1832 partitur.
476 1749 654 1828 Supremam
673 1763 749 1809 vero
776 1753 931 1810 oratorum
956 1753 985 1809 et
1009 1746 1204 1828 eloquentiae
1227 1755 1278 1810 aut

178 1858 210 1918 in
231 1856 375 1937 templis,
408 1861 459 1918 aut
477 1856 508 1917 in
529 1861 658 1932 senatu,
684 1871 828 1918 coramve
851 1855 1003 1919 iudicibus
1024 1861 1075 1918 aut
1094 1873 1199 1918 coram
1217 1874 1278 1937 po-

179 1964 268 2046 pulo,
289 1962 421 2045 gloriam
434 1962 527 2026 Gallis
547 1964 700 2044 propriam
724 1981 805 2040 esse,
828 1963 909 2025 haud
932 1963 1023 2027 iacile
1039 1963 1197 2044 quisquam
1219 1981 1279 2025 nc-

176 2073 308 2156 gaveril.
339 2072 483 2136 Oratoria
499 2071 631 2150 indoles,
650 2089 718 2134 cum
736 2071 992 2150 administrativa,
1017 2073 1098 2152 quod
1114 2072 1275 2151 dicitur1),

177 2181 304 2264 ingenio
329 2181 504 2260 coniuncta,
529 2182 557 2243 ei
579 2180 665 2262 genti
687 2180 747 2242 iam
768 2181 866 2262 prima
888 2181 927 2242 ab
951 2179 1074 2262 origine
1090 2180 1199 2266 'innata
1227 2181 1277 2244 vi-

179 2291 276 2356 detur.
328 2291 362 2353 ln
398 2290 507 2354 litteris
543 2289 634 2354 sicuti
668 2291 699 2352 in
733 2289 826 2353 relius
861 2289 991 2370 puhlicis
1030 2289 1073 2352 nil
1101 2290 1256 2353 fortuitum
1268 2312 1277 2369 3

177 2418 378 2484 quaeeunque
410 2400 452 2462 ihi
484 2401 665 2464 accidemnt
697 2401 817 2463 interna
852 2399 923 2482 lege
965 2406 1123 2482 regvmtur.
1180 2401 1276 2476 Quam

178 2511 300 2575 obrem
323 2528 437 2592 operae
457 2512 588 2591 pretium
612 2525 681 2573 esse
702 2509 846 2589 iudicavi,
870 2527 1019 2591 quaenam
1040 2510 1173 2588 suerint,
1194 2511 1277 2573 anti-

177 2620 323 2702 quissima
345 2620 384 2683 de
413 2637 472 2700 qua
495 2620 589 2683 certis
610 2620 786 2683 auctoribus
809 2620 985 2702 accepimus
1015 2627 1136 2701 aetate,
1170 2620 1277 2684 Gallo-

174 2746 242 2794 rum
263 2728 421 2812 ingenium
444 2734 474 2790 ct
499 2729 648 2792 institutio
670 2729 816 2807 oratoria,
841 2730 1038 2812 investigare.

250 3177 278 3260 §.
301 3185 329 3243 1.
373 3176 523 3244 Druidae
545 3181 766 3265 antiquissimi
786 3175 959 3244 Gallorum
978 3182 1197 3260 institutores,

278 3346 307 3407 A
330 3344 507 3424 primordiis
536 3364 638 3409 rerum
652 3345 848 3426 Gallicarum,
871 3346 1068 3410 scientiarum
1090 3347 1275 3412 universitas

180 3459 211 3516 et
230 3470 395 3534 puerorum
418 3473 454 3517 ao
475 3455 624 3526 ,iuvenum
661 3455 801 3520 educatio
838 3474 935 3538 penes
964 3455 1097 3519 Druidas
1111 3462 1140 3536 2)
1178 3465 1275 3521 erant.

178 3561 227 3641 lli,
251 3561 385 3626 nationis
407 3563 599 3645 sacerdotes,
622 3565 770 3648 theologi,
795 3563 959 3648 astrologi,
983 3565 1185 3646 iurisperiti,
1209 3585 1276 3629 me-

179 3669 258 3749 dici,
281 3669 503 3753 mathematici,
533 3680 729 3755 geometrae,
756 3674 898 3737 rhetores
925 3679 956 3736 et
976 3680 1135 3752 oratores,
1163 3691 1274 3755 magna

180 3785 358 3864 potestate,
391 3797 502 3864 magna
538 3783 738 3848 veneratione
771 3782 960 3846 fruebantur.
1003 3781 1117 3857 Sedulo
1150 3789 1181 3844 et
1203 3781 1277 3844 dili-

233 4057 262 4126 1)
280 4059 350 4110 Vide
372 4056 480 4120 monui.
499 4057 522 4109 1.
544 4059 574 4112 0.
593 4061 626 4110 [ι.
643 4061 679 4128 ll,
698 4073 722 4111 c.
743 4060 786 4111 18.
806 4060 832 4122 s.
851 4062 880 4110 5.

231 4154 262 4223 8)
280 4154 321 4205 De
340 4154 448 4204 omnm
466 4154 521 4204 vid.
540 4152 611 4205 flur.
628 4151 707 4207 lieren
725 4155 759 4206 de
774 4155 805 4207 tu
822 4155 938 4222 mooe,
955 4167 1012 4221 pur
1030 4153 1078 4207 deo
1089 4152 1277 4210 Be'oidictions

281 4249 314 4302 cie
333 4249 375 4301 st
394 4249 486 4304 Maca
505 4251 534 4302 la
549 4252 609 4303 lto.
628 4253 660 4305 r.
678 4253 701 4304 1.
718 4253 749 4304 Ρ.
769 4253 794 4324 l,
811 4253 930 4308 se-su.

1055 4363 1072 4430 1
