3140 5076
696 188 941 262 ..40-

268 380 383 458 detulit,
407 385 550 444 narrante
572 377 691 458 eodem,
713 382 746 440 ut
767 377 918 461 imagines
939 394 1044 441 eorum
1064 393 1174 441 aureas
1197 376 1229 439 in
1251 377 1365 442 larario

267 491 415 568 haberet,
449 509 486 554 ac
515 489 653 570 sepulcra
677 505 782 552 eorum
805 487 904 566 aditu,
937 488 1065 566 hostiis,
1095 486 1223 550 llorihus
1245 505 1367 568 semper

268 602 438 665 honoraret
450 606 505 680 Ι).α

269 741 295 756 -ι
367 709 540 784 Quinetiam
568 707 854 788 ipschmmodus,
887 707 1070 773 nobilissimi
1096 702 1191 788 patris
1217 707 1363 790 ignobilis

266 819 355 899 lilius,
379 796 527 881 maiorum
552 816 692 899 vestigiis
713 819 869 896 insistens,
892 836 956 881 rem
978 818 1155 881 litterariam
1179 819 1257 881 tueri
1280 819 1365 882 visus

268 935 323 992 est.
357 927 468 1006 Voluit,
492 924 570 991 teste
592 926 760 990 Modestiae
784 928 1012 1010 ,philosophos‚
1031 929 1182 1008 rhetores,
1208 947 1364 1010 gramma-

268 1037 358 1115 ticos,
374 1037 512 1100 medicos
535 1037 682 1100 immunes
700 1055 780 1116 esse,
803 1037 968 1120 gymnasiis
993 1036 1158 1100 sacerdotii
1179 1042 1313 1114 stanles3
1337 1043 1368 1100 el

269 1163 368 1226 neque
390 1146 429 1208 ad
450 1146 590 1210 frumenti
614 1146 729 1210 etvini
753 1152 783 1209 et
807 1143 867 1208 olei
887 1145 1035 1216 erutiones
1058 1150 1088 1208 et
1109 1146 1366 1225 praepositiones,

269 1261 300 1318 ct
323 1273 422 1336 neque
446 1255 600 1338 cogitare,
627 1245 726 1335 neque
748 1255 867 1336 legatos
891 1273 978 1333 esse,
1005 1271 1105 1334 neque
1124 1254 1155 1315 in
1178 1254 1284 1318 militia
1304 1273 1365 1318 nu-

269 1365 381 1429 merari
404 1365 554 1442 nolentes,
579 1381 678 1444 neque
700 1363 739 1426 ad
761 1363 852 1425 aliurn
875 1363 1048 1426 famulatum
1072 1381 1127 1426 eos
1152 1364 1222 1445 cogi
1232 1370 1289 1442 ²).“

366 1473 488 1536 Abinde
511 1472 677 1535 declinavit
708 1479 769 1534 tum
804 1472 997 1552 eloquentia,
1034 1477 1094 1535 lum
1133 1490 1183 1536 ars
1208 1474 1364 1538 rhetorica

269 1601 367 1664 usque
394 1582 433 1645 ad
455 1581 544 1644 linem
567 1581 607 1643 lll
637 1587 687 1644 aut
715 1580 832 1643 initium
857 1581 897 1644 lV
923 1581 1019 1644 seculi
1033 1595 1048 1660 ,¹
1084 1583 1284 1664 regnantibus
1317 1589 1368 1664 ty-

269 1694 386 1772 rannis,
411 1691 753 1772 Caracallapraecipue
777 1693 995 1780 (211-9l7),
1028 1691 1079 1772 qui
1103 1692 1175 1754 odio
1200 1693 1366 1756 litterarum

270 1808 301 1865 et
322 1801 520 1880 eruditorum,
544 1801 735 1882 antiquorum
754 1800 867 1882 scripta
889 1801 1048 1879 destruxit,
1072 1801 1208 1864 eruditos
1231 1803 1368 1866 crudeli-

267 1917 315 1976 ter
337 1897 491 1975 interiecit
510 1914 548 1988 ³).
593 1910 735 1974 Attamen
757 1928 795 1973 co
817 1909 933 1989 seculo,
954 1910 1047 1973 lllusis
1069 1910 1178 1974 melius
1202 1911 1365 1996 consulens

272 2011 450 2084 Aleoooder
462 2021 598 2098 Severus
621 2019 820 2114 (iil-235)
843 2020 971 2084 Graecis
1001 2027 1031 2084 et
1053 2021 1167 2084 Latinis
1194 2023 1295 2103 poetis
1315 2023 1363 2087 le-

271 2132 381 2214 gendis
394 2129 613 2211 delectabatur,
637 2131 767 2214 Virgilio
790 2131 964 2213 praecipue,
989 2149 1077 2212 quem
1098 2132 1270 2211 ,Platonem
1291 2137 1369 2214 poe-

271 2247 386 2305 tarum“
410 2241 550 2320 vocabat,
575 2241 722 2322 cuiusque
744 2241 907 2324 imaginem
932 2259 1000 2302 cum
1023 2241 1182 2304 Ciceronis
1204 2243 1367 2306 simulacro

272 2353 304 2414 in
328 2333 465 2416 secundo
486 2351 600 2414 larario
623 2350 737 2412 habuit.
790 2352 936 2414 Oratores
960 2357 991 2413 et
1020 2354 1128 2430 poetas
1150 2369 1213 2414 non
1234 2352 1293 2415 sibi
1312 2371 1369 2433 pa·-

276 2461 442 2543 negyricos
459 2445 611 2524 ¹dicentes
640 2458 738 2539 (quod
773 2453 912 2538 exemplo
941 2458 1028 2540 Nigri
1056 2460 1215 2523 Pescennii
1250 2460 1370 2523 stultum

275 2569 413 2648 dicebat)
443 2568 499 2632 sed
532 2575 583 2631 aut
603 2568 759 2631 orationes
782 2567 967 2648 recitantes,
999 2575 1050 2631 aut
1071 2569 1150 2633 lacta
1173 2575 1308 2632 veterum
1331 2571 1372 2644 li-

271 2679 381 2742 benter
404 2677 528 2764 audivit.
572 2677 621 2740 Ad
644 2677 835 2740 Athenaeum
858 2677 989 2754 (Romae
1010 2676 1048 2740 ab
1073 2679 1228 2741 Hadriano
1252 2679 1369 2743 consti-

165 2795 171 2812 *
275 2794 408 2868 tutum),
438 2787 658 2851 audiendorum
683 2793 713 2850 et
735 2786 923 2850 Graecorum
955 2793 985 2849 et
1015 2787 1190 2852 Latinorum
1217 2789 1372 2852 rhetorum

274 2898 323 2962 vcl
351 2901 510 2979 poetarum
543 2915 656 2976 causa,
694 2898 871 2978 frequenter
901 2897 1063 2977 processit.
1113 2897 1240 2960 Audiuit
1272 2905 1371 2962 autem

278 3009 368 3072 etiarn
391 3009 532 3072 lonenses
557 3014 696 3071 oratores
720 3025 828 3071 causas
849 2986 1031 3086 recitantes,
1055 3024 1129 3088 quas
1152 3007 1203 3071 vel
1223 3009 1302 3088 apud
1322 3009 1370 3090 ip-

278 3134 344 3181 sum
367 3117 417 3180 vel
436 3097 518 3197 apud
542 3117 717 3197 praefectos
732 3115 1014 3197 Urbisegermtt).
1047 3115 1241 3196 Rhetorihus,
1267 3135 1372 3200 gram

277 3226 407 3302 malleis,
430 3225 570 3302 medicis,
589 3225 720 3288 caeteris
736 3222 848 3287 salaria
863 3225 992 3286 instituit
1009 3230 1039 3287 et
1050 3221 1201 3290 auditoria
1216 3226 1354 3290 decrevit
1363 3250 1372 3306 ;

280 3341 309 3398 et
330 3333 496 3414 discipulos
520 3350 587 3395 cum
618 3333 747 3396 annonis
772 3349 934 3414 pauperum
956 3333 1053 3413 lilios,
1084 3335 1176 3397 modo
1198 3335 1370 3418 ingenuos,

278 3442 346 3507 dari
367 3443 465 3506 iussit.
505 3442 602 3506 Etiam
626 3443 656 3504 in
678 3443 845 3524 provinciis
870 3439 1043 3507 oratoribus
1061 3444 1235 3508 forensibus
1250 3447 1372 3509 multum

279 3551 394 3631 detulit,
417 3551 571 3646 plerisque
593 3552 684 3616 etiam
707 3570 844 3618 annonas
867 3552 968 3632 dedit,
991 3570 1068 3634 quos
1090 3547 1279 3618 constitisset
1300 3574 1376 3641 gra-

277 3664 316 3728 tis
337 3665 481 3746 agereip.
800 3661 805 3668 “

291 3796 568 3810 mn-

329 3855 504 3920 nme&

334 3952 365 4018 1)
384 3952 465 4002 Invi
483 3953 516 4002 D.
536 3951 570 4003 de
587 3949 811 4018 ermenoaldus,
830 3939 890 4020 SA,
908 3951 1034 4003 laudatus
1047 3951 1201 4020 amaeam,
1221 3965 1246 4004 u.
1260 3968 1282 4005 s.
1297 3969 1322 4018 p.
1329 3955 1373 4005 68.

330 4051 362 4114 a)
382 4046 451 4098 litet.
469 4043 547 4100 litrc'r.
566 4047 600 4100 dc
615 4047 646 4098 la
662 4044 777 4118 Flance,
796 4049 818 4116 l,
836 4049 865 4100 P.
884 4049 907 4116 l,
926 4047 988 4099 ste.

335 4145 368 4208 4)
387 4141 541 4208 Lampe-idid
559 4140 640 4194 Alce.
659 4144 721 4194 Sec.
744 4157 768 4195 c.
786 4144 833 4210 80,
852 4141 896 4194 81.

333 4236 534 4304 &mest
