3140 5076
632 249 880 336 ...31-

211 455 327 522 scholis
349 455 527 520 coniectura
545 455 694 538 colligere
715 457 806 520 nobis
828 455 935 520 licete
957 471 1070 538 magno
1091 471 1219 521 nunmro
1232 457 1307 523 Gal-

209 566 308 632 lorum
329 568 361 630 in
377 567 470 631 rebus
491 567 672 631 militaribus
694 573 724 630 et
739 564 880 631 ciuilibus
893 566 1016 648 Imperii
1028 567 1156 631 llomani
1175 569 1304 650 magrris,

209 675 302 740 immo
325 675 450 740 summis
472 676 648 740 muneribus
677 676 859 768 functorum.
917 675 1062 750 Quamvis
1093 691 1198 738 eorum
1220 675 1303 738 multi

209 800 272 848 non
292 784 401 849 litteris
425 784 631 849 celebritatem
663 784 722 849 sibi
755 784 973 864 conciliarent,
1005 801 1068 848 non
1109 783 1304 860 dubitandum

210 909 265 958 eos
287 913 305 958 c
328 893 443 958 scholis
475 895 514 956 ad
537 912 590 958 res
620 893 774 976 gerendas
802 893 992 958 transivisse.
1046 893 1111 956 llac
1134 893 1224 956 etiam
1250 912 1306 957 ra-

210 1003 294 1068 tione
317 1003 518 1083 Imperatores
542 1004 712 1067 studiorum
734 1003 856 1067 vinculo
876 1003 1030 1068 Gallorum
1051 992 1225 1067 fidelitatem
1246 1003 1306 1066 sibi

215 1130 252 1174 ac
273 1113 410 1177 llomano
433 1111 563 1194 lmperio
595 1113 805 1178 devinxerunt.
850 1114 911 1177 Sub
929 1111 1043 1176 'liberii
1075 1125 1174 1194 regno
1197 1113 1307 1196 Augu-

211 1221 334 1284 stoduni
357 1220 491 1299 (Autun)
524 1221 555 1283 in
580 1223 679 1302 capite
701 1221 895 1301 Aeduorum,
930 1219 1119 1288 nobilissima
1142 1220 1305 1284 Galliarum

211 1330 337 1394 suboles
355 1329 533 1394 liberalibus
557 1331 666 1394 studiis
687 1331 872 1411 operabatur
885 1337 922 1408 ¹).

310 1438 431 1504 Similes
455 1439 578 1504 scholas
595 1437 732 1522 Caligula
748 1438 886 1502 Vesontii
909 1443 938 1502 et
958 1436 1099 1520 Lugduni
1117 1437 1232 1502 institui
1250 1455 1307 1501 cu-

206 1547 294 1612 ravit.
340 1547 547 1638 Eloquentiae
564 1549 699 1630 praemia
720 1548 878 1629 proposuit
899 1546 981 1611 idem
1002 1546 1165 1628 princeps,
1200 1563 1308 1611 verum

209 1674 288 1738 quae
325 1663 457 1722 mentem
487 1653 569 1720 haud
604 1675 712 1721 sanam
745 1663 919 1738 arguerent.
978 1656 1118 1750 Lugduni
1151 1662 1306 1721 certamen

209 1764 347 1828 Graecae
368 1766 553 1847 Latinaeque
574 1766 738 1830 facundiae
760 1784 854 1847 prope
876 1765 1008 1847 Augusti
1030 1784 1114 1829 aram
1135 1768 1306 1830 constitue-

210 1879 268 1952 rat,
294 1890 372 1955 ,quo
395 1875 561 1938 certamine
583 1875 642 1954 (ita
663 1881 767 1938 narrat
790 1875 952 1940 Suetonius
966 1881 993 1954 ²)
1015 1875 1117 1940 lerunt
1138 1877 1306 1940 vitroribus

209 1983 344 2062 praemia
374 1983 474 2048 victos
502 1984 689 2063 contulisse,
726 1985 893 2048 eorundem
927 1990 957 2048 et
980 1983 1088 2048 laudes
1121 2003 1307 2066 componere

212 2098 347 2156 coactos.
391 2093 454 2158 Eos
478 2102 578 2158 autem
602 2094 654 2175 qui
677 2093 808 2156 maxime
840 2092 1084 2174 displicuissent,
1117 2095 1229 2175 scripta
1252 2110 1307 2158 soa

209 2202 338 2285 spongia
362 2202 505 2285 linguave
528 2204 633 2268 delere
655 2203 757 2267 iussos
778 2203 838 2266 nisi
861 2202 967 2265 ferulis
993 2201 1150 2284 obiurgari
1175 2209 1226 2265 aut
1247 2203 1306 2264 llu-

209 2313 292 2377 rnine
312 2313 454 2394 proximo
476 2314 575 2397 mergi
598 2314 804 2377 m-aluissent.“
851 2311 926 2376 lnde
951 2311 1024 2374 illud
1047 2311 1216 2376 luvenalis:

1040 2421 1091 2484 Sic

335 2532 459 2613 Palleat,
481 2537 514 2596 ut
534 2531 625 2596 nudis
646 2532 760 2613 pressit
780 2532 830 2613 qui
855 2529 991 2595 calcibus
1014 2523 1155 2614 anguem,

333 2642 396 2706 Aut
417 2642 652 2724 Lugdunensem
674 2643 780 2706 rhetor
804 2642 940 2722 dicturus
961 2639 1000 2704 ad
1025 2644 1156 2721 eremi).

307 2750 362 2813 His
384 2751 486 2814 causis
509 2757 540 2814 et
561 2752 705 2815 institutis
729 2752 841 2814 iactuum
863 2758 911 2816 est
931 2757 983 2830 ut,
1018 2768 1108 2832 quum
1131 2749 1306 2830 eloquentia

208 2859 325 2920 Romae
347 2857 517 2940 langueret,
540 2860 734 2940 eloquentiae
755 2860 876 2923 laudem
898 2858 1072 2940 acquireret
1088 2857 1196 2922 Gallia.
1232 2855 1305 2921 Ideo

210 2965 367 3030 luvenalis
389 2967 547 3030 causidico
572 2968 622 3050 ,in
641 2968 724 3032 tenui
746 2975 878 3049 panno.“
902 2967 1026 3032 suadet:
1070 2971 1073 2978 '

944 3073 1086 3156 Accipiat
1105 3080 1136 3138 te

336 3185 452 3266 Gallia,
476 3185 526 3249 vel
547 3185 648 3267 potius
669 3183 820 3247 nutricula
850 3183 1074 3248 causidicorum
1095 3184 1202 3253 Abica
1224 3187 1255 3263 l²)

310 3295 400 3360 Adeo
422 3293 562 3360 celebres
585 3299 658 3358 tunc
679 3298 767 3359 erant
782 3292 862 3358 Galli
881 3293 1022 3359 rhetores
1043 3299 1076 3359 ut
1095 3293 1231 3358 Britanni
1253 3309 1308 3358 eos

212 3407 362 3486 audirent,
386 3411 465 3472 teste
485 3405 595 3470 eodem
615 3385 728 3486 poeta:
812 3487 814 3492 Ι

337 3513 434 3579 Gallia
458 3514 634 3578 causidicos
655 3511 761 3576 docuit
782 3511 914 3576 facunda
934 3512 1165 3595 Britannnosi).

267 3730 296 3795 1)
317 3729 401 3781 Tacit.
420 3730 490 3782 Aoo.
506 3733 556 3799 tn,
575 3733 619 3782 48.

265 3826 297 3895 a)
318 3824 446 3890 catardo
464 3839 489 3876 c.
507 3826 553 3878 tto.
966 3873 967 3878 ,

195 3951 199 3956 -
262 3922 292 3989 8)
309 3921 367 3974 Sat.
385 3922 409 3989 1,
426 3922 471 3974 44.
489 3921 639 3973 Academia
656 3919 797 3983 caligulae
822 3917 948 3970 exstabat
975 3915 1023 3965 utl
1045 3915 1143 3977 postea
1166 3913 1310 3968 aedificata

309 4019 361 4068 fuit
379 4019 489 4070 abbatia
507 4016 633 4085 sescay,
655 4031 691 4068 ex
711 4015 846 4069 Atltcnaeo
865 4015 998 4066 detortum
1012 4022 1118 4062 nomeu.
1155 4012 1200 4064 Du
1219 4013 1311 4065 Saule

310 4112 380 4164 trad
402 4112 435 4164 de
453 4109 578 4179 Iuve'not,
597 4114 675 4177 pti.

264 4205 295 4272 4)
312 4208 372 4259 Sat.
390 4209 452 4276 vn,
474 4208 624 4260 rer-149.

264 4304 297 4366 a)
317 4304 376 4357 cat.
394 4305 457 4372 XV,
475 4304 537 4356 111.
