3140 5076
613 237 858 307 ..37-

227 427 290 494 Sed
310 427 444 507 uuum,
468 432 558 508 etque
579 427 656 492 ullos
679 425 781 491 caedit
802 443 858 492 suu
879 442 1022 508 maeque
1042 423 1200 489 iuventus:

227 539 347 617 lluium,
362 537 423 618 ·qui
442 538 535 600 toties
558 536 741 600 Ciceronem
762 537 932 618 Allobroga
951 535 1036 597 dixit.
1056 541 1082 615 ¹)

283 649 440 712 Hactenus
474 646 513 710 do
545 647 643 728 primo
673 653 742 729 post
764 647 797 712 G.
820 648 857 712 N.
892 645 997 712 seculo
1024 645 1172 724 diximus,
1201 643 1283 725 quod

184 757 341 823 infelicior
361 764 446 821 netes
466 758 597 840 excepit.

324 974 352 1058 §.
375 983 406 1040 9.
454 972 611 1058 infausta
632 975 790 1080 periodus
812 972 859 1043 11.
882 980 917 1040 et
937 971 1003 1040 111.
1026 941 1144 1039 seculi.
1187 959 1191 964 ’

267 1133 358 1199 Multo
372 1134 529 1217 perierunt
541 1153 619 1217 quoe
635 1135 718 1198 docti
732 1129 809 1199 Galli
822 1133 984 1214 ediderunt
997 1133 1134 1196 secundo
1148 1138 1177 1195 et
1190 1132 1282 1196 tertio

186 1242 292 1307 seculo
308 1249 377 1325 posi
387 1243 539 1306 Christum
554 1250 673 1306 nutum:
696 1244 818 1306 litterae
833 1259 907 1323 quus
929 1241 967 1305 nd
981 1241 1107 1304 Plinium
1120 1219 1287 1321 iuniorem,'

189 1352 320 1416 amicum
332 1370 431 1431 suum,
444 1353 633 1434 scripserunt
647 1350 784 1414 Valerius
795 1349 952 1428 Paulinus,
964 1349 1117 1412 Geminius
1128 1354 1158 1414 et
1170 1329 1288 1411 Treba-r

185 1462 255 1522 nius
276 1447 416 1542 Rufinus,
440 1463 596 1526 orationes
620 1461 811 1525 electiones
833 1459 1033 1541 complurium
1056 1465 1223 1538 oratorum,
1245 1459 1287 1522 li-

186 1571 234 1634 bri
259 1588 335 1660 quos
357 1570 435 1634 udeo
467 1572 577 1636 multos
617 1571 801 1652 conscripsit
829 1569 1002 1632 Fauorinus
1024 1555 1057 1631 ut
1085 1587 1211 1651 parvam
1233 1568 1285 1632 bi-

185 1679 370 1743 bliothecam
394 1680 572 1758 efficerent,
596 1680 697 1742 omniu
719 1684 858 1760 polimute
874 1678 968 1740 Sentit
983 1677 1141 1766 Augurini,
1164 1684 1194 1740 et
1212 1676 1286 1756 eliu;

185 1787 228 1850 itu
250 1793 284 1849 ut
304 1788 501 1868 profanorum
525 1806 543 1849 e
566 1786 663 1850 Gallie
686 1793 844 1850 suetorum
863 1788 934 1849 eius
964 1787 1061 1850 seculi
1084 1793 1196 1850 tuntum
1224 1803 1287 1850 non

189 1896 274 1960 solus
291 1895 325 1958 L.
346 1893 492 1958 Annaeus
507 1895 617 1958 Florus
640 1916 680 1960 ex
697 1898 844 1980 universo
866 1895 1028 1980 nnulrugio
1051 1902 1228 1960 servaretur
1246 1902 1287 1974 2).

189 2005 258 2068 Non
279 2005 387 2068 mirum
421 2006 513 2089 igitur
541 2005 641 2069 nullos
664 2005 819 2069 Gallorum
842 2007 998 2069 rhetorum
1022 2005 1118 2069 libros
1141 2005 1286 2070 existere.

187 2115 220 2179 Si
241 2115 292 2197 qui
315 2114 353 2178 ad
374 2132 432 2178 nos
453 2114 677 2196 pervenissent,
698 2115 742 2177 uti
765 2114 880 2195 scripta
905 2111 1016 2175 Titiani
1036 2113 1068 2174 in
1088 2113 1197 2194 quibrus
1219 2113 1287 2176 ion-

188 2230 272 2288 tasse
292 2230 390 2288 artem
410 2224 598 2287 rhetoricam
620 2225 720 2308 attigit
733 2213 773 2305 ³)3
791 2224 845 2286 vix
859 2222 959 2286 lucem
975 2238 1085 2284 novem
1107 2239 1200 2304 super
1221 2237 1287 2287 eam

188 2333 358 2400 studiorum
379 2311 571 2415 provinciam
594 2339 788 2416 spargerent.

287 2445 353 2508 Hoc
375 2443 514 2508 secundo
537 2443 643 2508 seculo
665 2443 750 2525 prius
767 2441 927 2526 incognite
948 2441 1084 2522 oratoria
1102 2441 1155 2504 lux
1176 2446 1207 2503 et
1227 2455 1288 2521 po-

186 2561 280 2620 testus
298 2554 431 2619 surrexit
456 2553 488 2616 iu
510 2552 630 2618 Gellio:
654 2552 766 2616 Christi
787 2552 899 2634 religio
924 2554 1035 2615 novem
1059 2550 1194 2614 admovit
1215 2566 1290 2614 oru-

187 2671 288 2728 torum
310 2661 438 2747 ingenio
470 2661 581 2726 iucem.
625 2660 721 2726 Sacra
753 2645 947 2742 eloquentie,
981 2660 1071 2730 sicuti
1097 2659 1288 2748 prolune,u

190 2771 318 2835 Graecis
339 2770 470 2852 primum
491 2771 523 2832 iu
544 2770 673 2834 Gellium
692 2771 774 2834 illata
800 2771 867 2833 luit.
922 2770 967 2832 Eo
997 2775 1134 2852 tempore
1154 2788 1193 2831 ex
1211 2768 1288 2834 Asin

187 2880 306 2942 minore
329 2879 477 2942 oriundus
510 2877 660 2940 irenaeus
691 2879 866 2959 eloquentie
886 2884 980 2940 totum
993 2877 1059 2940 iere
1080 2877 1188 2940 urbem
1203 2878 1290 2958 Lug-

189 2989 303 3052 dunum
325 2987 446 3052 Cbrislo
465 2985 605 3058 submisit
619 2989 666 3064 l);
695 2984 767 3046 inde
790 2986 985 3068 evangelium
1007 2985 1083 3050 nlius
1106 2986 1138 3047 in
1157 2985 1288 3066 prosin-

189 3099 254 3160 oies
276 3097 420 3159 manavit.
470 3095 551 3159 Vere
582 3093 750 3162 christiana
784 3094 896 3176 religio
928 3093 1032 3157 lumen
1063 3111 1151 3158 suum
1173 3095 1287 3176 ubique

185 3224 254 3270 cum
273 3205 471 3270 scientiarum
490 3203 606 3268 lumine
628 3203 813 3266 consociere
835 3209 935 3266 emat:
968 3203 1048 3268 inter
1070 3204 1170 3267 lucem
1191 3209 1225 3288 et
1238 3203 1290 3268 lu-

189 3334 256 3382 cem
279 3315 448 3379 ooncordia
469 3315 566 3391 valet3
589 3313 747 3377 discordia
770 3301 849 3376 inter
870 3313 968 3377 lucem
985 3320 1015 3378 et
1036 3314 1206 3399 tenebras„

287 3424 638 3536 Ecclesinjchristiena,
673 3443 740 3490 cum
760 3425 966 3490 Romanorum
996 3424 1140 3489 institutis
1160 3423 1287 3506 conspi-

188 3634 487 3656 *affl

241 3784 271 3848 1)
290 3783 419 3835 Ciceroni
448 3783 645 3834 obtrectatores
669 3792 723 3832 non
749 3781 868 3836 demisse
890 3779 998 3832 conslut
1017 3791 1033 3832 e
1051 3777 1126 3832 Diui.
1153 3776 1187 3828 do
1213 3775 1287 3830 Otut.

290 3878 476 3931 mmmm
817 3941 821 3948 ἢ
1285 3917 1288 3922 .

128 3971 136 3987 ’
241 3975 273 4038 9)
294 3974 363 4026 usse.
381 3971 459 4027 tillon
485 3973 527 4046 doj
544 3973 576 4024 to
591 3973 705 4024 muco.
728 3979 748 4041 l,
767 3975 796 4023 P.
814 3975 837 4041 l,
855 3973 919 4041 244,
937 3972 999 4025 uls.
1023 3973 1124 4024 liubin
1152 3973 1185 4025 de
1203 3972 1288 4024 Floro

288 4073 398 4135 exocult
414 4070 515 4137 ,Rasin
536 4070 632 4122 Gessit.
653 4068 703 4122 der·
717 4070 879 4122 ltsimtseben
896 4068 1039 4122 utemur.
1060 4069 1086 4131 8.
1105 4068 1169 4137 21⁰,
1190 4069 1252 4121 220.

243 4169 275 4232 θ)
294 4166 363 4218 illst.
382 4163 460 4219 litter.
477 4165 511 4217 de
526 4166 557 4217 lu
575 4163 690 4219 Fruu'ce.
710 4168 734 4234 l,
752 4168 782 4218 Ρ.
799 4168 823 4235 1,
841 4167 896 4218 822
912 4169 940 4218 et
956 4166 1018 4218 4⁰4.

242 4261 274 4327 4)
293 4261 390 4316 muru.
409 4265 441 4319 u.
459 4263 495 4315 V.
516 4275 541 4316 c.
566 4261 588 4315 1.
624 4261 693 4316 illst
711 4260 789 4316 litent
809 4263 843 4316 dc
860 4262 891 4316 ln
908 4263 1024 4317 ancc.
1041 4263 1063 4332 l,
1082 4263 1112 4313 Ρ.
1132 4262 1155 4328 l,
1173 4261 1237 4316 886.
