3140 5076
634 295 916 365 -or-‘

208 487 371 566 oriundus,
410 484 537 548 Harena
560 483 672 548 Fabius
694 483 898 560 Quintilianus
925 482 1038 564 primus
1060 483 1176 548 Romae
1205 484 1302 548 soha-

207 597 268 662 lam
292 595 478 662 rhetoricam
493 597 611 678 aperuit
623 585 775 677 publicam
796 587 826 658 el
846 593 990 658 salarium
1009 612 1027 658 e
1047 593 1305 676 fiseo‘aeoepivj.

209 709 243 772 la
270 713 334 772 tota
371 711 487 786 mente,
516 704 589 770 totis
629 706 746 769 viribus
780 705 1002 768 calamistratae
1030 704 1185 768 barbariei
1216 703 1309 767 obni-

210 833 286 896 sus,
317 821 457 879 oratores
480 816 668 896 iuvenesque
690 815 729 878 ad
757 832 861 896 purum
884 820 913 878 et
938 831 1078 878 severum
1100 813 1223 878 dicendi
1247 831 1306 896 ge-

209 941 267 988 nus
291 921 458 988 revooavil.
520 923 690 988 Duodecim
711 923 776 988 suis
799 923 837 987 ab
861 923 944 986 omni
967 929 1053 1003 parte
1084 919 1306 1000 commendan-

209 1035 258 1098 dis
288 1033 374 1097 libris
402 1033 628 1096 Institutionum
659 1032 867 1096 oratoriorum
903 1031 1013 1096 meruit
1040 1032 1186 1098 Martialis
1221 1031 1303 1095 allo-

213 1143 386 1208 mMm:
1003 1167 1005 1174 ·

312 1250 508 1329 Quintiliane,
533 1267 633 1333 vagao
654 1249 833 1314 moderator
855 1267 971 1314 summe
993 1249 1144 1329 iuventae,

356 1359 460 1424 Gloria
480 1361 645 1439 Romanae,
670 1359 865 1440 Quintiliane,
889 1366 982 1442 togae
995 1365 1041 1436 ²);

212 1468 305 1534 Cuius
339 1468 378 1532 de
415 1467 555 1532 laudibus
590 1475 695 1532 tacere
725 1485 814 1550 quam
843 1469 959 1532 meritis
990 1466 1138 1531 interiora
1167 1465 1308 1547 proieme

213 1577 324 1642 malim.
369 1577 466 1642 Unum
490 1576 606 1642 dixisse
627 1582 675 1642 sat
697 1577 774 1640 erit:
807 1576 1032 1655 Quintilianus,
1060 1581 1094 1638 ut
1114 1575 1307 1656 eloquentiae

212 1686 402 1767 eorruptioni
422 1674 597 1765 resisteret,
633 1691 757 1752 morum
774 1686 962 1767 corruptioni
983 1701 1040 1766 pro
1062 1684 1178 1748 viribus
1207 1685 1308 1747 obsti·

214 1796 270 1874 lit3
294 1794 418 1859 Catonis
440 1795 567 1858 maioris
588 1795 727 1876 exemplo
749 1801 903 1858 oratorem
923 1795 1022 1858 uirum
1043 1794 1157 1858 bonum
1180 1792 1304 1856 dioendi

214 1903 343 1984 perium
368 1919 438 1967 esso
456 1904 590 1986 volebat,
613 1904 679 1985 ipse
698 1904 746 1968 vir
765 1906 875 1984 bonus,
899 1910 989 1985 alque
1012 1903 1174 1986 magnifico
1191 1902 1310 1966 doetri-

215 2029 275 2076 nae
297 2011 438 2076 aedilitio
459 2011 575 2076 morale
596 2013 823 2078 tundamentum
845 2013 1011 2077 substruxit
1026 2016 1070 2091 ³),

300 2120 380 2184 Ante
402 2121 483 2185 huno
499 2121 582 2186 alius
608 2123 769 2203 Hispanus,
793 2117 954 2186 cordubae
974 2128 1072 2201 natus,
1095 2120 1137 2186 ll.
1159 2119 1306 2182 Annaeus

213 2230 342 2310 amaea,
362 2230 478 2311 rhetor,
502 2232 625 2314 seriptis
644 2233 719 2313 suis,
745 2248 871 2313 quorum
894 2231 1043 2312 quaedam
1062 2238 1165 2311 partes
1184 2235 1309 2309 tantum,

212 2339 351 2418 mutilae,
374 2357 472 2422 usque
494 2341 533 2403 ad
553 2346 690 2405 nostram
711 2328 840 2405 aetatem
861 2343 1124 2421 pervenerunt),
1154 2344 1309 2403 oratorum

214 2448 269 2528 qui·
286 2447 465 2514 felicissima
484 2449 680 2530 Reipubiioaa
701 2455 799 2514 aetate
820 2450 998 2530 floruenmt,
1020 2461 1156 2531 quosque
1175 2448 1262 2514 novit
1277 2455 1308 2512 et

214 2558 345 2639 audivit,
373 2559 473 2623 vivam
495 2561 646 2641 expressit
667 2561 853 2648 imaginem,
888 2561 1030 2642 dietaque
1050 2566 1081 2624 et
1101 2560 1215 2641 scripta
1244 2559 1309 2623 aori

212 2667 327 2732 iudiaio
351 2668 530 2734 diluoidavit
553 2675 583 2734 at
605 2671 671 2752 ipae
693 2665 1023 2751 praestantissimorum
1046 2670 1181 2734 aemulus
1204 2669 1310 2733 exsti-·

214 2775 259 2838 ot.
288 2777 323 2838 ln
344 2775 512 2862 saumariis,
532 2778 691 2860 magisque
714 2780 745 2841 in
765 2775 1000 2864 Controuersiis,
1022 2779 1180 2848 rhetorum
1202 2777 1310 2858 dispu-

268 3065 298 3130 t)
317 3065 427 3126 Hieron.
445 3065 474 3118 in
494 3065 590 3122 oona.
610 3063 708 3120 Elaea
729 3077 754 3118 a.
773 3067 817 3118 88.

265 3161 521 3228 mmmmm

272 3259 302 3322 tt)
326 3255 534 3325 Westerrnann,
555 3253 650 3306 aeson.
668 3253 695 3305 t.
714 3259 785 3306 rona.
802 3255 993 3307 Bereltsnmls.
1011 3255 1036 3320 s.
1054 3257 1100 3326 8⁰,
1118 3259 1309 3312 §.nte-260.

265 3353 296 3417 4)
317 3351 383 3402 Eius
401 3354 520 3419 „hanna
538 3351 573 3401 aa
592 3363 644 3400 nos
662 3355 845 3416 pervenerunt
863 3365 970 3420 manea,
989 3354 1123 3421 confusa,
1141 3355 1308 3422 perturbata,

314 3449 343 3499 at
370 3447 467 3510 unque
492 3449 546 3498 tam
564 3445 636 3498 male
653 3450 718 3500 aaut
741 3449 846 3516 habita,
874 3450 906 3510 ut
921 3449 945 3498 al
964 3449 1054 3500 redire
1078 3449 1175 3500 liceret
1192 3450 1312 3516 auotorl,
1352 3439 1354 3442 ’

215 3559 218 3566 ·
313 3546 371 3606 qne
389 3554 520 3594 annesae
538 3545 685 3594 ornament
717 3542 922 3609 stainardus,
942 3543 975 3594 sla
993 3543 1152 3596 imminente
1168 3545 1201 3596 Ιι.
1213 3545 1246 3596 Ia.
1265 3557 1310 3595 aa·

314 3643 426 3708 merua,
444 3619 622 3702 aviana.
658 3641 772 3702 eropum
797 3641 991 3692 aiveinana
1013 3641 1077 3690 num
1097 3641 1204 3692 noem
1221 3641 1313 3704 anpu-

315 3738 390 3784 taane
410 3734 528 3786 Bonnoll
547 3735 659 3802 (awa
681 3735 754 3803 „llio
772 3736 814 3786 vlt
833 3737 933 3786 eximia
950 3737 1080 3786 momoria
1099 3734 1247 3802 excellens,
1267 3737 1313 3798 qul

316 3831 373 3892 ipse
394 3841 424 3878 se
441 3830 474 3878 de
490 3830 633 3879 confessus
649 3831 700 3897 est,
722 3842 754 3880 se
772 3841 865 3880 omnes
876 3809 969 3893 magni
986 3829 1180 3892 ineloquentia
1196 3832 1312 3881 nominis

318 3925 369 3974 sibi
387 3926 475 3975 videri
492 3925 609 3992 ariense,
632 3926 686 3974 iam
704 3926 796 3975 aetate
816 3926 973 3992 provectius,
993 3937 1063 3988 quae
1080 3927 1227 3977 memoriae
1246 3929 1305 3978 eius

315 4021 432 4070 noudum
451 4021 545 4084 elapsa
564 4022 643 4070 eraut
665 4023 777 4086 egregie
805 4022 839 4072 alr
859 4021 900 4072 nn
924 4022 996 4072 diota
1007 4055 1017 4090 ,
1049 4021 1178 4092 oollam,
1206 4026 1234 4072 et
1253 4021 1312 4072 alne

316 4118 390 4164 certo
409 4114 505 4165 ordine
531 4114 636 4179 passim
657 4114 783 4180 qna'alqand
810 4114 956 4168 obvenerat
972 4117 1189 4185 montaniana,
1216 4121 1312 4171 admo-

316 4213 386 4260 nitus
408 4223 425 4260 a
445 4211 505 4260 tiliis
641 4213 753 4262 ediditss
799 4213 868 4266 Vide
893 4216 980 4276 ipsam
997 4217 1094 4268 senec.
1125 4215 1234 4268 Panem
1257 4215 1315 4266 al

317 4305 405 4358 conr.
