3140 5076
698 181 946 252 ..33-

272 395 356 457 rans,
377 377 513 462 linguam
527 377 663 440 Latinam
685 394 740 457 per
755 374 870 438 Gallias
886 374 985 455 magis
993 374 1160 456 'magisque
1176 376 1323 457 vulgarit,
1342 383 1374 439 et

275 489 478 568 eloquentiam
500 487 582 549 aluit.
626 486 794 548 Audiamus
810 485 994 548 Funccium:
1017 485 1099 565 ,llas
1119 491 1230 567 vegeta
1247 487 1372 550 Latinae

272 596 397 678 linguae
418 601 576 660 senectute
598 595 637 658 ad
652 595 742 657 linem
757 600 951 675 properante,
976 594 1165 676 elegantiora
1185 595 1285 659 studia
1302 614 1370 658 cum

272 706 408 784 receptis
421 704 662 766 Ghristianorum
684 705 781 766 sacris
802 720 899 767 novas
913 705 1000 784 quasi
1016 711 1201 785 receperunt
1220 705 1315 783 vires,
1336 711 1367 768 et

272 815 425 896 insignem
441 797 683 894 recuperandam
701 813 824 895 linguae
845 816 1052 894 promiserunt
1068 813 1264 895 dignitatem:
1287 814 1369 894 quod

273 923 305 985 in
323 924 388 986 eius
407 922 517 985 cultum
535 928 566 985 et
580 923 708 1003 optimas
726 922 843 986 litteras
857 923 1074 1004 perpoliendas
1096 923 1371 1004 propagandasque

275 1051 343 1094 cum
357 1032 512 1094 veteribus
534 1033 689 1114 magistris
703 1033 867 1094 sanctioris
888 1032 1048 1094 doctrinae
1065 1033 1224 1112 praesides
1245 1035 1373 1114 conspi-

274 1147 380 1204 rorent
391 1147 445 1219 ¹)ss
490 1141 566 1204 Suas
588 1141 667 1204 enim
690 1141 813 1203 scholas
835 1141 967 1204 habebat
985 1141 1146 1219 Ecclesia,
1160 1141 1215 1204 sed
1234 1141 1263 1203 in
1284 1143 1371 1222 prin-

276 1252 356 1333 cipio
379 1252 416 1314 ad
432 1251 632 1331 explicandos
653 1250 860 1312 tantummodo
876 1269 984 1313 sacros
999 1250 1105 1328 libros,
1127 1251 1166 1313 ad
1187 1250 1369 1312 servandam

228 1409 231 1412 -
274 1367 305 1424 et
319 1360 550 1443 propugandam
570 1360 669 1422 iidem.
715 1359 868 1440 Episcopi,
891 1361 979 1440 primi
998 1359 1129 1421 fidelium
1143 1365 1369 1439 praeceptores,

277 1470 405 1532 iuvenes
427 1474 588 1548 praeterea
605 1469 764 1549 quosdam,
788 1468 931 1546 clericos,
954 1469 997 1530 uti
1011 1469 1174 1546 vocabant,
1195 1468 1370 1548 specialiter

275 1578 313 1641 ad
335 1578 531 1640 sacerdotum
564 1597 690 1641 munera
720 1577 926 1640 instituebant.
970 1578 1084 1640 llorum
1106 1578 1270 1658 praecipua
1294 1577 1372 1639 doc-

275 1687 354 1749 triua
379 1688 478 1750 sancti
496 1705 612 1752 mores:
635 1687 722 1766 fides,
734 1689 841 1770 ¹pietas
856 1707 931 1770 erga
943 1689 1049 1767 Deum,
1071 1687 1238 1768 religiosus
1257 1687 1371 1764 servor,

275 1815 314 1859 en
336 1797 478 1860 iuvenum
501 1799 636 1860 oratoria
658 1799 804 1878 scientia3
826 1799 1001 1861 rhetoricae
1018 1797 1116 1860 nullus
1129 1797 1234 1860 locus:
1256 1798 1372 1859 animas

276 1905 414 1985 salvare,
449 1924 510 1968 non
540 1908 690 1970 mentibus
724 1901 849 1988 placere
877 1899 1033 1970 curabant.
1081 1907 1284 1970 Nihilominus
1306 1906 1375 1969 elo-

276 2022 404 2095 quentes
427 2017 571 2080 exstitere
595 2023 696 2097 patres
718 2023 749 2080 el
770 2017 916 2080 doctores
938 2018 969 2078 in
991 2015 1142 2095 Ecclesia,
1165 2015 1220 2077 sed
1244 2017 1374 2078 veritate

276 2141 338 2186 uon
364 2131 448 2203 arte3
467 2127 608 2207 persuasi
631 2133 718 2189 erant
734 2144 796 2188 non
811 2124 975 2208 ingeniosi.
1015 2125 1048 2188 Si
1069 2142 1132 2186 non
1153 2142 1238 2205 pure,
1260 2129 1291 2186 at
1308 2124 1375 2187 ler-

275 2236 348 2299 vide
370 2237 589 2317 loquebantur3
618 2235 774 2318 lacrymae
796 2254 859 2298 non
881 2236 1042 2316 applausus
1070 2253 1177 2298 eorum
1196 2235 1291 2298 verba
1315 2254 1371 2296 ex-

277 2345 441 2427 cipiebant.
481 2343 622 2425 Antiquis
645 2344 836 2425 philosophis
858 2352 888 2407 et
907 2344 1081 2434 oratoribus
1104 2345 1227 2426 ignotus
1248 2345 1373 2425 spiritus

278 2459 434 2516 oratorum
457 2454 833 2516 christianorum'animos
856 2454 983 2516 coelesti
1006 2453 1119 2517 ardore
1140 2454 1285 2517 incendit.
1322 2453 1374 2516 Sui

277 2563 374 2641 obliti,
395 2568 502 2624 sancto
526 2563 696 2625 ministerio
718 2563 899 2646 iungentes,
921 2564 981 2627 deo
1005 2569 1035 2624 et
1058 2563 1230 2627 aeternitati
1254 2563 1374 2641 devoti,

277 2671 354 2734 solis
375 2671 469 2734 rebus
489 2673 616 2750 intenti,
640 2672 766 2735 artificia
788 2674 1039 2753 aspernabantur.
1098 2671 1190 2750 lnde,
1213 2673 1245 2734 in
1265 2672 1375 2734 menti-

277 2781 334 2844 bus
356 2781 479 2861 saltem,
502 2783 589 2845 nasci
611 2782 715 2866 debuit
737 2783 872 2844 oratoria
895 2783 1034 2845 doctrina
1057 2783 1178 2862 penitus
1203 2781 1241 2844 ab
1258 2781 1308 2843 illa
1326 2781 1377 2842 di-

279 2909 371 2956 versa
394 2909 483 2972 mam
508 2892 541 2954 L.
568 2892 685 2956 Seneca
719 2892 832 2972 aliique
859 2892 909 2956 vel
941 2893 1114 2974 praeceptis
1144 2890 1195 2954 vel
1227 2889 1373 2971 exemplis

281 3002 578 3070 commendaverant.
908 3015 912 3021 ·

378 3111 460 3174 lnter
482 3111 671 3174 Christianos
698 3117 763 3174 arte
784 3111 940 3175 rhetorica
968 3112 1107 3192 inprimis
1130 3111 1303 3192 Cyprianus
1325 3111 1375 3175 in-

279 3221 414 3296 claruit;
445 3221 489 3298 is,
520 3221 610 3281 tertio
631 3221 759 3298 seculo,
787 3227 947 3301 antequam
970 3221 1081 3284 Christi
1110 3223 1292 3305 religionem
1317 3224 1376 3286 ad-

280 3333 425 3407 optasset,
448 3325 635 3408 Carthagine
657 3327 860 3422 eloquentiam
882 3328 996 3391 docuit.
1048 3330 1162 3404 Quarto
1184 3331 1302 3396 demum
1323 3351 1378 3395 se-

280 3434 348 3498 culo
372 3435 535 3497 Christiani
558 3436 685 3499 iuvenes
708 3436 832 3500 scholas
853 3437 1009 3500 rhetorum
1026 3438 1305 3521 frequentaverunt,
1329 3446 1377 3502 at-

282 3563 341 3626 que
362 3545 499 3608 scientiis
517 3545 655 3626 profanis
676 3563 801 3627 operam
814 3554 1013 3627 navaverunt,
1037 3549 1080 3612 uti
1105 3569 1144 3614 ex
1154 3550 1294 3615 Ausonio
1309 3550 1377 3613 col-

278 3654 378 3738 ligere
400 3653 521 3736 licet2).

377 3765 497 3828 Interea
520 3765 642 3846 profani
662 3765 811 3829 rhetores'
826 3771 857 3828 et
872 3771 1012 3829 oratores
1034 3766 1153 3830 sivein
1175 3766 1283 3846 Gallia,
1306 3767 1373 3832 sive

279 3874 356 3938 Gabi
368 3874 610 3940 interllomanos
620 3875 826 3958 sequebantur
835 3881 1064 3944 antecessorum
1075 3877 1215 3958 vestigia.
1235 3875 1374 3939 Omnium
1391 3883 1394 3888 “

273 4029 563 4046 m

329 4133 361 4198 1)
378 4133 421 4185 De
441 4133 541 4198 vepera
561 4133 594 4186 Is.
612 4135 645 4186 11.
664 4141 759 4187 emeat.
779 4150 802 4186 c.
819 4138 843 4204 1,
863 4136 889 4198 S.
910 4137 952 4188 to.

329 4227 442 4294 ffiVld.
462 4226 833 4290 mairomontem.
851 4233 874 4300 1,
893 4233 923 4284 P.
942 4234 966 4302 1,
983 4234 1047 4302 236,
1065 4233 1127 4287 237.
