3140 5076
691 250 939 324 ..gq..

268 443 335 508 erit.
379 441 557 508 Aeduorum
579 443 732 510 ciuitatem
754 445 892 507 videmus
916 445 1109 523 ,iacentem
1147 461 1210 508 non
1232 451 1293 508 tam
1315 444 1366 508 in-

265 553 368 616 nixam
386 552 542 632 Romanis,
566 569 655 633 quam
678 554 787 617 virium
810 553 984 617 delectione
1009 559 1212 634 prostratam,
1237 573 1295 617 neo
1316 559 1366 620 ta-

265 680 336 725 men
355 662 434 725 iuste
456 663 543 743 queri
558 669 689 742 poterat,
711 682 779 725 eum
799 662 949 726 Gallicani
970 681 1081 726 census
1104 663 1259 726 comrrruni
1280 669 1366 728 sorte

266 777 432 836 teneretur.
476 771 615 836 Cultores
638 773 763 856 pigebat
783 773 927 836 laborare
948 774 1016 839 sine
1038 773 1149 836 lruolu.
1194 773 1292 855 Ager,
1314 774 1365 854 qui

267 899 417 962 nunquam
441 881 650 962 respondebat
678 883 859 964 impendiis,
893 883 1112 961 deserebatur,
1146 883 1237 946 etiam
1262 883 1366 963 inopia

266 992 509 1069 rusticanorum,
546 993 654 1072 quibus
677 993 707 1054 in
731 1011 803 1056 aere
827 992 928 1056 alieno
952 991 1165 1054 vacillantibus
1189 1011 1248 1054 nec
1270 1009 1365 1072 aquas

268 1100 441 1180 deducere,
473 1119 531 1164 noe
562 1102 655 1164 silvas
682 1102 767 1164 licuit
797 1102 952 1166 excidere.
998 1101 1151 1182 Quidquid
1174 1101 1247 1164 elim
1267 1101 1366 1166 luerat

265 1210 433 1275 tolerabilis
459 1211 534 1289 soli,
558 1219 609 1274 aut
630 1217 804 1293 corruptum
824 1218 886 1275 tum
909 1212 964 1274 luit
986 1210 1165 1291 paludibus,
1196 1216 1248 1274 aut
1268 1211 1367 1274 senti-

265 1321 321 1384 bus
343 1319 535 1401 impeditum3
571 1321 744 1384 interclusis
764 1322 905 1384 vastitate
929 1320 1096 1398 meatibus,
1128 1319 1275 1401 quidquid
1308 1320 1367 1382 bu-

267 1429 391 1492 militate
413 1448 468 1492 sua
482 1431 581 1492 suerat
600 1427 734 1508 uberius,
757 1431 789 1492 in
808 1431 988 1513 voraginem
1004 1436 1034 1494 et
1047 1437 1156 1514 stagna
1172 1447 1364 1492 conversum.

266 1540 353 1619 lpsae
375 1539 484 1610 vineae
507 1539 548 1602 ita
570 1545 721 1603 vetustate
743 1545 928 1616 senuerant,
967 1546 1000 1602 ut
1032 1539 1179 1603 culturam
1205 1539 1265 1602 ianr
1286 1556 1366 1619 pene

266 1665 329 1710 non
350 1647 507 1711 sentirent.
553 1649 669 1712 Ceteris
702 1649 783 1712 illius
816 1649 956 1730 regionis
986 1649 1159 1712 civitatibus
1190 1649 1256 1728 ipse
1279 1648 1365 1711 Gon-

266 1758 415 1822 stantinus
437 1758 638 1823 illacrimasse
666 1777 702 1822 se
734 1759 897 1822 confessus
919 1765 975 1822 est.
1021 1760 1087 1834 Qua
1108 1759 1158 1822 via
1181 1758 1312 1821 ducebat
1333 1759 1365 1820 in

266 1869 432 1949 Belgicam,
456 1874 543 1930 vasta
562 1868 681 1946 omnia,
704 1869 828 1948 inculta,
852 1869 1044 1950 squallentia,
1069 1875 1161 1947 muta,
1185 1868 1361 1948 tenebrosa,

266 1978 385 2041 etiamsi
408 1977 547 2040 militaris
566 1978 616 2041 via
640 1979 753 2056 luerit,
781 1997 818 2041 ac
841 1978 1029 2061 confragosa
1052 1984 1082 2040 et
1103 1978 1229 2042 alternis
1250 1980 1365 2041 rnonti-

266 2086 322 2149 bus
344 2087 430 2150 ardui
452 2087 552 2150 aditus
573 2093 665 2167 atquo
685 2087 935 2170 praecipitesut
956 2088 1008 2150 vix
1026 2087 1191 2168 semiplena
1207 2094 1362 2170 carpenta,

265 2196 417 2264 interdum
440 2215 549 2276 vacua,
573 2197 812 2260 transmitterent
825 2204 880 2278 ¹).“

364 2306 445 2380 Talis
479 2307 536 2369 luit
565 2306 708 2370 universa
738 2313 900 2387 paupertas
934 2315 1093 2388 postquam
1128 2308 1364 2372 florentissimos

267 2416 420 2498 quondam
455 2434 548 2498 agros
584 2421 614 2480 et
643 2417 736 2500 urbes
759 2415 887 2479 barbari
920 2417 1141 2496 possedissent.
1186 2417 1365 2482 Miseriores

266 2541 341 2588 vero
364 2525 511 2605 regiones
532 2525 714 2588 videbantur
735 2540 813 2604 quae
841 2544 858 2588 a
885 2526 1027 2590 vastitate
1051 2526 1232 2605 barbarica,
1263 2533 1366 2590 terra-

266 2653 333 2700 rum
354 2634 522 2703 intervallis
543 2643 694 2716 separata,
718 2635 851 2700 iudicum
870 2638 994 2701 nomine
1010 2658 1027 2702 a
1044 2638 1172 2702 nelariis
1193 2638 1364 2704 latronibus

268 2745 500 2812 obtinebantur:
536 2746 578 2808 ibi
598 2747 731 2828 ingenua
753 2747 899 2810 suberant
927 2737 1063 2830 indignis
1086 2747 1271 2810 cruciatibus
1293 2764 1367 2810 cor-

266 2873 362 2937 pora;
395 2874 485 2920 nemo
510 2857 547 2920 ab
577 2856 688 2921 iniuria
712 2857 811 2935 liber,
844 2874 934 2920 nemo
959 2857 1090 2920 intactus
1120 2856 1365 2936 acontumelia,

267 2967 328 3035 nisi
348 2966 399 3046 qui
423 2966 631 3030 crudelitatem
654 2968 822 3047 praedonis
843 2968 940 3048 pretio
956 2967 1143 3050 mitigasset;
1165 2972 1198 3030 ut
1217 2967 1277 3030 iam
1292 2966 1367 3030 bar-

266 3075 334 3140 bari
357 3074 616 3154 desiderarentur,
640 3083 673 3140 ut
692 3082 925 3158 praeoptaretur
947 3094 964 3138 a
984 3076 1106 3140 miseris
1120 3075 1240 3140 fortuna
1259 3081 1368 3156 capto-

266 3203 332 3248 rum
346 3189 384 3262 2).
408 3221 448 3232 -
468 3184 562 3248 Visne
592 3185 792 3256 barbarorum
824 3186 941 3266 equites
964 3186 1121 3248 noscere‘l
1161 3185 1232 3248 audi
1259 3182 1367 3248 Nosa-

269 3292 356 3354 riom
395 3293 498 3370 ,Quae
528 3293 623 3356 enim
643 3294 693 3356 illa
725 3295 822 3357 luisse
844 3294 955 3357 dicitur
978 3294 1122 3374 species?
1155 3312 1244 3376 quarn
1278 3301 1367 3358 atrox

267 3399 360 3462 visui
393 3416 483 3480 quam
507 3400 733 3464 lormidolosal
773 3403 962 3482 operimento
993 3402 1070 3466 ferri
1099 3402 1169 3484 equi
1193 3381 1286 3484 atque
1305 3403 1366 3466 bo-

268 3509 366 3570 mines
384 3508 497 3589 pariter
517 3509 645 3589 obsepti.
678 3509 860 3574 clibanariis
875 3511 908 3574 in
929 3511 1067 3574 exercitu
1089 3529 1201 3576 nomen
1217 3519 1273 3578 est.
1304 3513 1365 3578 Su-

267 3636 363 3702 perne
386 3618 528 3684 omnibus
552 3619 651 3698 tectis,
677 3637 824 3701 equorum
844 3620 1019 3702 pectoribus
1041 3620 1176 3686 demissa
1198 3621 1311 3702 lorica,
1335 3627 1365 3686 et

269 3745 390 3796 crurum
416 3735 504 3796 tenus
526 3727 680 3822 pendens,
714 3730 782 3794 sine
801 3730 1017 3812 impedimento
1042 3747 1216 3813 egressus,
1245 3748 1365 3795 anona

268 3839 405 3906 vulneris
431 3839 636 3909 vindicabat.
663 3861 669 3901 ·.
697 3887 703 3902 .
730 3887 736 3902 .
763 3840 817 3904 llis
841 3839 1002 3920 disciplina
1024 3840 1265 3923 pugnandam,
1297 3857 1365 3908 oum

268 3949 366 4012 aciem
389 3948 595 4028 arietaverint,
619 3956 743 4013 servent
763 3949 975 4031 impressionis
997 3955 1155 4030 tenorem,
1187 3955 1234 4030 et,
1254 3949 1365 4012 immu-

324 4200 354 4265 1)
375 4199 436 4250 vu.
456 4199 570 4252 mmm.
592 4200 715 4253 drudam
734 4201 815 4268 aede,
834 4205 941 4259 edet
958 4203 985 4263 i.

319 4293 403 4378 Μ.
424 4294 590 4362 Mammas,
610 4296 729 4352 Gratiam
749 4297 830 4368 aetio,
848 4311 872 4350 o.
893 4300 919 4349 4.
