3140 5076
709 289 953 360 -70..

285 484 435 550 Graeciae
454 483 618 566 legimus,
650 483 702 566 qui
731 482 879 546 Asianum
909 485 1060 545 tumorem
1088 481 1192 544 Attico
1225 481 1383 546 siccabant

282 595 366 674 sale,
399 600 430 657 et
451 593 640 657 luxuriantes
660 591 921 676 flagellis-vineas
953 591 1083 655 lalcibus
1103 587 1328 673 reprimebant;
1348 599 1382 656 ut

283 704 477 786 eloquentiae
499 703 682 782 torcularia,
705 719 768 764 non
790 701 956 764 verborum
974 701 1137 782 pampinis,
1159 702 1215 765 sed
1237 719 1380 768 sensuum

284 813 371 896 qnasi
392 829 520 875 uvarum
541 798 793 892 expressionibus
815 809 1052 873 redundarent.“

368 921 538 985 celebritas
560 915 771 1002 professorum
788 925 819 986 et
832 919 1001 982 litterarum
1020 919 1119 1002 gloria
1135 918 1318 984 Gallicarum
1334 921 1381 1002 ip·

282 1049 349 1096 sum
370 1031 588 1112 Hieronymum
611 1047 680 1092 oum
702 1030 802 1093 amieo
824 1029 960 1092 Bonosio
973 1009 1179 1092 'trevericam
1210 1030 1241 1091 in
1271 1029 1380 1094 urbem

282 1139 405 1220 allexit,
436 1145 595 1221 postquam
616 1140 732 1204 Romae
766 1133 935 1202 studiorum
958 1137 1142 1202 curriculum
1163 1137 1377 1203 absolvissent.

282 1249 359 1329 (Ubi
378 1248 583 1331 eloquentiam
606 1249 767 1332 quaesiuit,
792 1249 918 1330 insuper
936 1247 1027 1310 fidem
1049 1254 1156 1311 nactus
1179 1253 1226 1312 est
1239 1251 1274 1333 ¹).
1316 1249 1379 1312 lta-

282 1377 341 1442 que
362 1358 548 1423 Claudianus
571 1357 622 1421 illa
646 1357 685 1419 ad
707 1356 894 1420 Honorium:
989 1403 992 1412 ,

339 1563 343 1572 ,
775 1495 812 1544 .“.
838 1528 845 1543 .
867 1487 898 1545 te
921 1480 1018 1544 Gallia
1039 1480 1141 1544 doctis

407 1589 531 1656 Civibus
554 1596 585 1653 et
606 1595 671 1654 toto
694 1591 816 1672 stipavit
837 1592 933 1656 Roma
954 1597 1072 1657 senatu.

282 1721 407 1787 Gallicis
442 1721 475 1782 in
505 1719 677 1791 civitatibus
710 1719 810 1784 lucem
842 1717 1020 1782 litterariam
1044 1715 1273 1799 splendentem,
1305 1717 1380 1782 rbe-

282 1838 391 1910 tores‚
422 1835 586 1908 oratores,
617 1831 742 1909 poetas,
780 1827 950 1892 honoribus
970 1833 1002 1891 et
1023 1827 1137 1891 divitiis
1157 1833 1263 1896 auctos
1286 1825 1378 1890 vide-

280 1959 357 2004 mus.
403 1937 538 2015 Sedctc‚
568 1934 686 2002 rhetori
713 1936 887 2017 tolosano,
908 1937 1084 2022 {Burdigala
1120 1936 1269 2016 oriundo,
1304 1935 1379 2002 dicit

277 2050 451 2115 Ausonius:
997 2039 999 2044 ’

408 2158 583 2224 Communis
603 2158 701 2240 patria
724 2162 772 2221 est
792 2162 894 2236 tecum
910 2156 1003 2241 mibi:
1025 2163 1110 2221 sorte
1130 2158 1262 2239 potentis

446 2269 512 2334 Fati
533 2269 675 2332 Tolosam
696 2275 803 2332 nactus
827 2265 987 2332 assedam
1009 2266 1145 2332 scholae.

382 2377 468 2465 illic
491 2378 678 2463 coniugium,
700 2379 834 2459 natique,
857 2377 1045 2460 opulensque
1067 2383 1221 2466 senectus,

445 2488 484 2551 Et
508 2487 600 2568 lama,
622 2505 734 2572 magno
759 2484 857 2568 qualis
879 2493 927 2549 cst
948 2489 1004 2567 par
1025 2486 1141 2551 rbetori
1146 2535 1344 2550 .......

404 2595 458 2658 Est
479 2601 531 2659 tua
553 2613 635 2659 nnuro
657 2595 795 2674 soboles,
818 2612 996 2686 moremque
1018 2601 1124 2659 secuta
1146 2597 1291 2678 parentis,

444 2705 619 2769 Narbonem
643 2723 681 2768 ac
702 2705 829 2769 Romam
850 2703 989 2767 nobilitat
1010 2702 1166 2782 studiis2).

275 2789 392 2893 ⁴Eadem
425 2829 534 2896 litteris
569 2830 683 2915 inclyta
711 2831 814 2896 Narbo
842 2823 991 2894 Marcello
1028 2832 1170 2896 amissam
1205 2831 1289 2897 dedit
1318 2853 1377 2916 pa-

279 2938 380 3020 triam,
404 2957 472 3004 eum
494 2942 527 3004 in
549 2941 662 3006 civium
684 2958 843 3006 numerum
865 2941 1069 3007 adsciscendo
1081 2963 1090 3020 3

402 3067 521 3132 Nobilis
544 3067 595 3132 bio
617 3068 730 3150 hospes
756 3067 938 3147 Clarentius,
963 3067 1068 3132 indole
1089 3073 1189 3132 motus

443 3175 612 3264 Egregium
633 3183 734 3243 naum
758 3178 905 3264 coniugio
928 3177 1072 3242 attribuit.

290 3353 531 3373 Μ-ιι-ιι--ι-

330 3466 360 3534 i)
380 3465 453 3517 Hiera
470 3479 520 3532 ep.¹
536 3465 563 3535 ¹3
581 3469 624 3536 43‘
637 3465 666 3518 ln
686 3467 750 3521 (iol.
775 3483 816 3536 pr.
835 3471 861 3521 2.
897 3469 1017 3523 Eundem
1037 3473 1064 3522 in
1081 3474 1189 3523 modurn
1205 3471 1372 3538 Augustinus

375 3563 549 3614 Ambrosium
568 3565 799 3618 Mediolanensem
817 3568 972 3632 episcopum
1001 3569 1122 3620 sumens.
1162 3567 1286 3634 coatus.
1304 3569 1323 3619 1.
1336 3569 1373 3638 V,

380 3671 404 3709 c.
424 3658 458 3710 lt
479 3662 508 3710 et
523 3659 566 3711 it.

329 3755 360 3822 2)
379 3753 457 3820 Paufi
477 3756 552 3808 xlx.
588 3757 702 3808 vinetus
720 3761 748 3810 et
766 3760 890 3826 Scaliger
907 3763 1019 3813 namant
1036 3761 1233 3814 seculum:
1251 3763 1373 3832 „ledato

378 3864 506 3916 magnum
523 3853 653 3906 bonorem
669 3855 819 3906 babuerunt
827 3857 1047 3927 Burdigalenses,
1068 3859 1113 3923 qul
1130 3867 1186 3909 non
1203 3857 1291 3910 solum
1309 3870 1375 3910 ossa

375 3949 433 3996 elus
451 3951 478 3998 in
500 3952 670 4014 municipium
686 3964 764 4002 suum
782 3929 974 4021 transtulerint,
993 3955 1042 4005 sed
1061 3955 1089 4006 et
1107 3955 1224 4021 imagine
1238 3954 1374 4008 hominem

375 4042 542 4094 tonorartnt
577 4045 646 4096 Nam
665 4049 692 4095 ln
711 4058 746 4098 eo
765 4047 830 4098 loco
848 4051 893 4112 qul
908 4049 989 4100 bodie
1006 4051 1118 4101 bodinum
1139 4044 1245 4101 Paulini
1265 4051 1371 4119 dicitur,

374 4147 461 4188 saxea
480 4141 571 4204 imago
599 4141 691 4193 locata
719 4143 770 4193 ruit
789 4145 916 4212 bartam,
943 4145 1040 4197 librum
1065 4159 1147 4198 manu
1171 4149 1283 4198 tenensa
1316 4157 1370 4210 quo

373 4233 540 4298 significatam
553 4249 614 4288 eum
626 4237 781 4290 cathedram
799 4239 913 4293 docendi
925 4222 1135 4297 obtinuisses-et
1151 4245 1223 4296 inira
1240 4245 1309 4296 liaeo
1327 4247 1372 4294 tn-

373 4331 483 4395 scriptlo
501 4331 616 4400 legitur:
634 4333 669 4388 it.
683 4333 723 4390 tt.
742 4333 889 4389 tatamen
