3140 5076
635 241 881 320 ..43-

212 435 285 499 teuit
298 441 335 513 1).
381 433 450 516 lpse
470 434 612 515 prineeps
636 435 715 498 hanc
734 434 891 516 epistolam
913 436 1041 500 adeum
1063 431 1201 516 scripsit:
1223 435 1308 515 ,Me-

210 553 315 610 rentur
338 551 369 609 et
389 545 466 610 Galli
486 545 595 624 nostri,
618 551 650 608 ut
672 563 778 610 eorum
792 545 909 626 liberis,
933 564 1060 628 quorum
1074 547 1135 608 vita
1152 547 1183 609 in
1198 548 1307 630 Augu-

211 655 441 720 stodunensium
467 655 578 735 oppido
605 655 747 736 ingenuis
770 656 885 720 artibus
911 655 1065 734 eruditu-r,
1098 661 1128 718 et
1149 655 1207 736 ipsi
1229 655 1308 720 ado-

211 764 373 844 lescentes,
399 765 448 845 qui
471 765 561 828 hilari
584 777 737 828 consensu
760 784 858 830 meum
879 766 1047 829 Constantii
1069 765 1234 844 Caesaris,
1270 783 1309 828 ex

211 873 297 937 ltalia
319 873 518 953 revertentis,
542 890 707 954 suscepere
730 875 914 954 comitatum,
933 880 966 937 ut
989 891 1095 938 eorum
1110 871 1208 939 indoli
1228 891 1307 938 con-

211 981 312 1046 sulere
337 982 501 1064 cupiamus.
545 983 676 1047 Proinde
704 985 786 1064 quod
810 984 900 1047 alium
923 984 1089 1065 praemium
1119 983 1183 1063 his,
1210 987 1308 1065 'quom
1374 965 1376 970 ¹

211 1091 285 1154 iilud
309 1092 452 1156 conterre
474 1092 637 1172 debemus,
677 1092 762 1172 quod·
780 1111 838 1156 neo
858 1092 932 1156 dare
954 1098 1074 1172 potest,
1108 1111 1167 1156 neo
1188 1092 1308 1174 eripere

210 1201 367 1265 Fortuna?
399 1201 486 1266 Unde
508 1201 661 1266 auditorio
683 1201 777 1280 huie,
810 1201 892 1281 quod
920 1201 1041 1264 videtur
1071 1201 1195 1264 interitu
1216 1217 1309 1282 prae-

212 1311 343 1391 ceptoris
366 1311 526 1390 orbatum,
551 1315 581 1374 te
602 1311 792 1392 potissimum
814 1311 983 1391 praeficere
1010 1309 1186 1389 debuimus,
1221 1309 1329 1378 euius.

211 1402 414 1500 eloquentiam
443 1426 474 1483 et
501 1420 682 1502 gravitatem
706 1437 823 1484 morum
857 1439 895 1482 ex
921 1426 1007 1482 actus
1031 1420 1127 1482 nostri
1160 1419 1308 1483 habemus

210 1529 472 1594 administratione
494 1528 689 1610 conpertam.
733 1529 824 1594 Salvo
846 1529 940 1611 igitur
962 1527 1125 1612 privilegio
1149 1527 1307 1611 dignitatis

210 1645 289 1718 tuae,
311 1639 477 1717 hortamur,
500 1645 532 1702 ut
556 1639 783 1719 professionem
807 1639 973 1704 oratoriam
997 1627 1139 1719 repetas,
1166 1643 1256 1719 atque
1276 1637 1308 1700 in

210 1745 386 1827 supradicta
409 1747 541 1826 ciuitate,
567 1733 656 1827 quam
678 1763 741 1810 non
764 1746 891 1828 ignoras
914 1763 972 1809 nus
997 1746 1035 1812 ad
1056 1746 1214 1829 pristinam
1236 1745 1309 1829 glo·

210 1855 286 1920 riam
307 1855 489 1934 reformare,
513 1856 655 1920 advitae
677 1856 813 1920 melioris
835 1857 966 1920 studium
991 1855 1231 1930 adolescentium
1251 1875 1308 1924 ex·

142 2001 147 2008 -
210 1964 294 2029 cotas
316 1971 457 2030 mentes:
480 1984 538 2028 neo
561 1972 648 2046 putes
670 1947 731 2031 hoc
753 1985 879 2032 munere
904 1967 1089 2047 anteportis
1114 1965 1227 2048 aliquid
1249 1966 1307 2036 tuis
1392 2049 1394 2056 Ι

208 2074 376 2140 honoribus
416 2075 581 2157 derogari,
620 2093 687 2138 oum
725 2077 855 2141 honesta
889 2076 1042 2158 professio
1084 2083 1173 2140 ornet
1206 2077 1307 2158 potius

208 2203 348 2264 omnem,
380 2203 470 2266 quam
491 2185 636 2264 destruat,
658 2185 847 2268 dignitatem.
880 2186 1029 2267 'Denique
1050 2186 1141 2249 etiam
1161 2185 1306 2264 salarium

207 2300 238 2358 te
259 2295 291 2356 in
312 2295 453 2358 sexcenis
474 2295 596 2360 milibus
612 2288 764 2361 nummum
772 2301 801 2376 2)
823 2315 861 2361 ex
873 2295 1070 2376 Reipublicae
1090 2295 1206 2361 viribus
1228 2312 1306 2358 oon·

207 2404 295 2484 sequi
314 2404 469 2482 volumus,
493 2411 525 2468 ut
547 2405 701 2488 inteiligas
724 2405 841 2468 meritis
863 2405 922 2468 tuis
949 2407 1039 2468 etiam
1063 2411 1199 2478 nostram
1224 2423 1302 2470 eon-

207 2513 338 2578 suluisse
359 2511 560 2578 clementiam.
593 2515 679 2592 Vale,
702 2515 839 2600 Eumeni,
865 2515 1022 2579 carissime
1043 2515 1205 2596 nobissstssl

307 2611 489 2702 Eumenius,
513 2623 545 2686 in
566 2624 674 2688 eadem
697 2624 839 2689 oratione
861 2630 981 2688 narrat:
1010 2624 1179 2704 ,Salarium
1199 2643 1249 2688 me
1269 2625 1309 2690 li·-

210 2731 393 2799 beralissimi
415 2733 569 2818 principes
593 2753 633 2796 ex
661 2733 748 2797 huius
778 2735 966 2815 reipublicae
987 2734 1307 2817 (Augustodunensis)

213 2839 330 2902 viribus
351 2840 541 2906 in-sexoenis
563 2843 695 2906 millibus
716 2861 869 2909 nummum
891 2845 1034 2925 accipere
1050 2845 1219 2911 iusserunt:
1245 2863 1307 2910 non

212 2948 355 3028 quoniam
375 2965 438 3012 non
460 2949 587 3031 amplius
602 2955 737 3018 tribuere
755 2953 924 3018 commodis
939 2953 1015 3028 meis
1030 2953 1152 3032 vellent,
1170 2954 1202 3017 in
1219 2972 1308 3035 quam

213 3054 306 3120 multo
330 3058 449 3122 maiora
472 3063 502 3124 et
520 3060 604 3140 prius
626 3067 656 3124 et
675 3069 782 3143 postea
803 3061 939 3143 praemia
965 3062 1175 3127 contulerunt:
1198 3063 1259 3128 sed
1276 3068 1308 3126 ut

209 3171 336 3230 terrena
358 3166 409 3234 illa
430 3168 585 3248 sestertia,
604 3186 683 3250 quae
702 3189 811 3236 sacrae
825 3171 992 3238 memoriae
1004 3171 1153 3254 magister
1174 3149 1308 3253 aecepe-

208 3294 284 3354 ram,
309 3275 340 3339 in
362 3275 481 3342 honore
499 3277 609 3359 privati
632 3279 721 3348 huius
742 3279 913 3364 magisterii
929 3280 1032 3349 addita
1052 3281 1120 3364 pari
1142 3287 1226 3346 sorte
1247 3299 1309 3364 ge·-

208 3384 430 3462 ιιιίιιιιοιιιῑη.ιι

237 3579 248 3590 ᾖ
308 3496 445 3578 ingentis
480 3489 623 3577 stipendii
646 3497 810 3562 Eumenius
845 3499 1001 3564 dimidiam
1031 3506 1148 3582 partem
1180 3501 1307 3570 sehol'ae

208 3603 426 3672 instaurandae
439 3601 587 3688 seposuit,
611 3609 748 3688 quamvis
762 3626 946 3675 numerosae
962 3610 1080 3676 subolis
1095 3617 1198 3691 pator3
1220 3616 1307 3690 ,nam
1358 3627 1359 3632 ¹

265 3879 293 3947 1)
313 3880 444 3948 nepotes,
463 3895 489 3931 u.
509 3895 530 3930 s.
550 3883 594 3931 ao.

260 3979 292 4042 a)
313 3979 414 4046 81,2t⁰
433 3979 541 4030 uhater.

263 4075 294 4137 8)
317 4071 382 4137 Cap.
401 4074 445 4124 14.

260 4170 292 4234 4)
316 4181 374 4233 eap.
388 4170 432 4224 11.
448 4172 489 4226 lte
506 4173 610 4248 enormi
628 4169 759 4236 stipendio
778 4159 968 4226 reuomente
985 4169 1055 4228 inter
1074 4167 1302 4228 ompotentiae·-

309 4265 401 4320 nudo.
418 4266 448 4322 to
464 4268 538 4325 anet
561 4267 946 4328 ostenderemus
966 4279 990 4318 o.
1035 4311 1040 4320 .
