3140 5076
683 235 939 310 ..62-

256 435 305 492 set
332 429 365 492 in
386 443 539 511 munnam
566 431 757 510 contutari,‘
778 431 886 496 scribit
908 430 1088 496 Ammianus
1106 427 1298 495 lluroclliuus
1311 435 1347 507 ¹),

257 539 453 620 „Delphidius
478 545 584 604 orator
606 542 798 619 acerrimus,
829 542 1029 606 vehementer
1057 559 1127 605 eum
1159 541 1347 621 inpugnans,

258 647 509 712 documentorum
532 650 635 730 inopia
657 652 803 731 percitus,
828 651 1028 715 exclamavit:
1050 649 1176 728 Ειιςυίι,
1196 647 1349 728 hamtu-

256 758 332 820 st'tne
343 758 470 837 Comum
491 773 605 820 nocant
628 777 697 820 esse
712 759 826 836 poterit
841 777 981 838 usquam,
999 760 1029 820 si
1042 773 1156 838 nepum
1173 755 1350 837 suffecerit?

257 866 369 930 Contra
390 883 480 944 quern
502 863 635 928 Iulianus
658 885 698 928 ex
718 872 872 944 tempore:
895 866 1021 944 Ecquis,
1038 867 1090 943 ait,
1111 866 1257 927 innocens
1281 881 1352 928 essa

255 973 378 1052 poterit,
397 973 427 1033 ιιι·
446 989 614 1036 accusasse
631 973 801 1053 summat«
844 975 909 1036 llac
930 973 984 1035 lite
997 974 1200 1052 potentiorum
1222 975 1295 1036 odia
1317 977 1350 1036 in

256 1100 293 1146 se
313 1080 488 1144 concitavit
531 1082 707 1146 Ambitione
728 1100 851 1162 semper
870 1082 1005 1160 delusus,
1025 1088 1060 1144 ut

395 1191 531 1264 Venator
551 1191 689 1272 sequitur
712 1190 873 1274 fugientia,
896 1197 984 1270 captu
1004 1190 1148 1270 relinquit
1161 1195 1203 1267 2),

259 1299 447 1364 desideravit
467 1299 606 1380 plurima,

398 1391 503 1490 Vagus
523 1424 580 1488 per
601 1425 708 1470 omnes
731 1406 888 1490 dignitatis
917 1409 1104 1488 iormulas³)

258 1517 381 1606 in‘aula
404 1517 525 1598 tyrann
547 1534 618 1581 sese
637 1516 798 1596 attollens,
830 1517 939 1580 incidit
959 1519 991 1579 iu
1013 1517 1150 1580 criminis
1170 1515 1350 1598 periculum,

259 1639 318 1687 uec
337 1625 398 1688 uisi
415 1626 508 1706 patris
529 1626 646 1708 optim,
666 1626 794 1706 Paterae
814 1626 960 1704 rhetoris,
983 1626 1128 1707 lacrymis
1150 1625 1269 1689 servari
1292 1642 1353 1705 po-

258 1733 326 1795 tuit
367 1733 462 1797 inde
472 1734 511 1796 ad
536 1734 711 1798 rhetoricae
732 1735 956 1815 professionem
986 1735 1144 1816 confugit,
1182 1741 1272 1815 atque
1292 1734 1354 1796 lin-

258 1859 339 1925 guae
353 1843 514 1925 elingenu
532 1843 796 1924 celeritate‚'10cis
818 1845 957 1908 amoenis
980 1861 1117 1924 aspersu,
1136 1860 1249 1907 nornen
1271 1844 1352 1924 quod

254 1951 450 2016 orationibus
470 1951 677 2016 illustraverat
696 1952 894 2016 sustinuisset
912 1952 974 2016 nisi
992 1952 1126 2017 domnoli
1148 1969 1255 2033 parum
1276 1969 1351 2033 per-

260 2060 345 2124 tinax
364 2067 457 2126 esset

301 2229 307 2236 .
359 2172 460 2236 Variis
480 2171 598 2254 ingenii
629 2171 751 2250 dotibus
783 2171 865 2236 baud
887 2171 1021 2235 interior
1040 2170 1224 2252 Delphidlo‚
1256 2172 1356 2235 mori-

260 2277 317 2342 bus
343 2286 374 2342 et
398 2281 571 2344 coustumia
592 2280 729 2361 gravior,
754 2280 850 2342 comis
872 2286 1032 2359 praeterea
1055 2285 1086 2342 et
1110 2279 1246 2344 liberalis
1268 2277 1352 2342 in'di-

261 2388 321 2468 gis,
344 2405 465 2452 omnem
479 2388 624 2451 ambitum
637 2388 807 2468 refugiens,
821 2387 949 2449 Latinus
957 2387 1092 2449 Alcinous
1105 2385 1244 2450 Atetbiroe
1259 2388 1356 2450 sobo-

262 2494 322 2557 lnur
343 2494 593 2577 burdigalensem
621 2495 783 2558 illustravit
807 2494 941 2559 docendi
961 2495 1086 2575 studio,
1110 2503 1201 2578 atquc
1222 2499 1254 2559 ln
1273 2497 1354 2575 toro,

263 2603 456 2682 eloquentiae
479 2601 625 2664 auxilium
645 2602 708 2666 reis
729 2603 898 2681 praestitit;
929 2603 1009 2667 adeo
1040 2603 1150 2668 litteris
1170 2621 1277 2690 omnes
1301 2623 1356 2669 su-

261 2705 400 2793 periores
422 2709 599 2791 adaequans
618 2715 651 2772 ut
672 2709 827 2774 Ausonius
853 2709 891 2774 de
913 2729 952 2776 eo
974 2729 1088 2777 canere
1108 2721 1230 2795 posset:

464 2819 597 2902 Opponit
618 2835 710 2889 unnim
732 2837 822 2901 quen
842 2821 918 2884 viris
941 2822 1098 2902 prioribus

606 2927 703 2994 Aetas
725 2929 860 2993 recentis
877 2931 1036 3013 temporis
1063 2975 1082 2984 .-

460 3036 581 3102 Palmae
602 3037 736 3102 lorensis
758 3044 789 3101 et
809 3039 1030 3102 camoenarum
1053 3039 1158 3118 decus,

571 3147 736 3228 Exemplar
755 3166 849 3212 unum
870 3149 904 3209 in
923 3147 1044 3226 litteris,

461 3254 543 3328 Quas
568 3260 619 3316 aut
640 3255 769 3319 Athenis
793 3255 885 3319 docta
909 3255 1002 3319 coluit
1029 3253 1171 3334 Graecia,

544 3363 606 3425 Ant
625 3365 722 3428 Roma
746 3383 801 3446 per
821 3365 939 3430 Latium
961 3365 1083 3444 colitl).

142 3501 150 3514 ·
266 3469 369 3550 ltaque
392 3469 521 3549 doctor,
545 3478 650 3536 orator
657 3474 836 3555 ,scriptor,
864 3479 975 3556 poem,
1005 3475 1182 3604 mummolo
1202 3477 1361 3542 absolutus

267 3577 423 3643 exstitisse
441 3579 571 3642 videtur.
642 3589 651 3594 “

364 3689 425 3752 Res
447 3687 598 3754 humanae
620 3689 668 3754 sic
694 3707 729 3754 se
751 3688 866 3755 babent
887 3697 920 3756 ut
942 3693 1111 3777 tragoediis
1136 3691 1284 3759 succedat
1307 3710 1364 3756 co-

320 3963 349 4032 ι)
367 3964 425 4018 ιιι.
443 3964 544 4035 ιιιιιι,
565 3979 590 4018 0.
609 3947 635 4016 1.'

327 4059 359 4124 a)
380 4057 457 4112 ocu.
475 4060 568 4112 aava
584 4061 603 4111 ι
621 4062 648 4112 ιι
664 4063 737 4128 arog.
754 4065 781 4115 o.

319 4157 351 4220 a)
368 4152 471 4206 sum
492 4154 570 4219 emp.
586 4157 623 4207 v.

325 4254 357 4317 t)
378 4250 504 4322 Mna.
521 4252 558 4322 u,
576 4251 674 4305 ἀνίοι
