3140 5076
703 251 951 322 ...32-

376 436 620 506 Exercitationes
652 439 730 522 apud
751 441 898 504 'rhetores
922 439 960 504 ad
984 458 1059 504 vera
1092 443 1247 503 oratorum
1270 443 1374 504 certa-

276 546 357 611 mina
379 564 442 611 non
471 549 545 614 satis
568 549 801 614 anommodatae
828 550 961 614 ¹luerunt.
1007 550 1040 612 ln
1062 549 1129 613 istis
1150 548 1230 612 ludis
1252 548 1372 612 littera-

276 655 332 720 riis
358 656 466 722 ludere
498 658 598 740 potius
630 676 719 739 quam
745 676 883 742 pugnare
905 659 1033 722 iuvenes
1055 659 1234 735 discebant;
1265 675 1370 721 veram

275 765 429 830 oratoriae
449 781 570 848 pugnae
592 767 756 849 imaginem
771 787 835 832 non
850 768 1054 847 intuebantur,
1075 768 1116 830 ita
1138 774 1170 829 ut
1189 773 1296 848 postea
1314 766 1372 830 de-

274 874 486 938 clamationum
518 875 667 938 ludicrum
690 877 812 940 modum
835 877 874 940 ad
895 895 986 940 veras
1020 894 1129 940 causas
1150 878 1368 956 transferrent,

273 987 363 1063 atque
386 983 524 1048 imbelles
546 988 576 1048 et
597 984 720 1048 fictitios
743 986 939 1050 adversarios
961 987 1139 1070 impugnare
1153 987 1277 1064 assueti,
1301 1005 1368 1049 cum

271 1093 462 1174 pugnacibus
482 1111 602 1156 manum
623 1085 752 1159 consere
776 1094 829 1158 vix
848 1095 1004 1160 auderent.
1048 1095 1120 1158 Fori
1140 1101 1211 1157 tunc
1233 1094 1300 1175 ipse
1319 1113 1372 1158 as-

271 1206 378 1281 pectus
399 1220 454 1266 eos
477 1203 622 1266 terrebat.
664 1203 710 1267 De
731 1222 791 1285 qua
812 1223 847 1269 re
869 1206 981 1286 optime
1007 1203 1047 1266 dl.
1070 1203 1216 1265 Annaeus
1235 1202 1371 1266 Seneca:

271 1311 421 1390 „Accedit
444 1312 532 1375 ctiam
549 1313 621 1374 illud
640 1313 721 1393 quod
742 1314 939 1378 adversarios
955 1313 1092 1394 quamvis
1115 1313 1217 1375 fatuos
1233 1313 1364 1395 lingunt:

270 1419 458 1501 respondent
479 1420 538 1482 illis
561 1426 591 1483 et
614 1439 691 1501 quae
712 1420 817 1484 volunt
838 1427 868 1485 et
889 1441 956 1484 cum
976 1421 1091 1485 volunt.
1133 1423 1294 1486 Praeterea
1316 1423 1367 1484 ni-

269 1528 312 1590 bil
333 1535 380 1592 εει
402 1529 482 1608 quod
505 1547 643 1594 errorem
669 1530 769 1612 aliquo
794 1530 904 1594 damno
930 1531 1078 1614 castiget:
1108 1531 1233 1594 stultitia
1262 1548 1367 1595 eorum

270 1637 401 1718 gratuita
426 1642 481 1700 est.
528 1638 587 1702 Vix
609 1639 710 1720 itaque
735 1639 767 1700 in
791 1639 859 1703 loro
886 1638 1003 1702 iuturus
1036 1638 1246 1720 periculosus·
1261 1645 1366 1721 stupor

274 1746 384 1833 discuti
406 1753 523 1828 potest:
557 1747 607 1828 qui
630 1749 745 1828 crevit,
780 1748 851 1812 dum
884 1755 964 1812 tutus
1001 1755 1081 1814 est.“
1143 1751 1261 1815 Seneca
1300 1769 1366 1812 eam

269 1857 521 1938 vituperationem
544 1857 702 1922 confirmat
721 1861 859 1940 exemplo
880 1860 1013 1923 rhetoris
1033 1868 1105 1922 tunc
1126 1860 1288 1946 admodum
1310 1877 1365 1922 ce-

268 1965 380 2030 lebris:
414 1965 676 2047 ,Declamatoriae
716 1968 835 2031 virtutis
874 1967 1038 2030 Laconem
1068 1967 1208 2030 Porciam
1241 1968 1364 2030 unicum

270 2075 457 2159 exemplum,
489 2095 556 2140 cum
579 2093 635 2157 pro
657 2094 712 2140 reo
735 2077 765 2139 in
789 2077 935 2158 llispauia
955 2079 1081 2143 Rustico
1104 2077 1214 2140 Porcio
1239 2077 1365 2157 propin-

270 2202 329 2264 quo
351 2203 407 2252 suo
430 2187 563 2266 diceret,
600 2203 697 2267 usque
723 2205 759 2251 eo
782 2204 851 2251 esse
873 2186 1050 2266 confusum,
1081 2193 1114 2248 ut
1137 2206 1154 2250 a
1177 2186 1362 2250 soloecismo

271 2295 435 2377 inciperet:
458 2313 517 2358 nec
532 2299 602 2358 ante
617 2296 753 2375 potuisse
768 2295 952 2373 confirmari,
975 2301 1088 2358 tectum
1104 2315 1139 2357 ac
1153 2297 1287 2376 parietes
1309 2294 1367 2358 de-

269 2403 466 2481 siderantem,
487 2420 575 2482 quam
600 2401 780 2482 impetravit,
799 2409 832 2463 ut
852 2402 996 2465 iudicium
1014 2422 1052 2466 ex
1067 2403 1135 2464 soro
1156 2403 1187 2463 in
1210 2403 1368 2466 basilicam

269 2512 496 2575 transferretur.
541 2511 643 2589 Usque
664 2525 701 2572 eo
729 2509 852 2590 ingenia
880 2510 912 2570 in
946 2509 1139 2573 scholasticis
1163 2510 1363 2574 exercitatio-

269 2619 358 2681 nibus
390 2618 520 2684 delicate
551 2617 750 2695 nutriuntur,¹
775 2614 816 2678 ut'
830 2616 1013 2696 clamorem,
1045 2617 1216 2697 silentium,
1250 2617 1364 2696 risum,

270 2727 386 2790 caelum
411 2725 541 2807 denique
571 2724 633 2807 pati
656 2725 805 2788 nesciant.
850 2726 918 2789 Non
940 2732 986 2789 est
1017 2731 1116 2790 autem
1137 2727 1219 2790 utilis
1241 2725 1366 2791 exerci-

262 2835 361 2916 tatio,
391 2836 423 2899 ni
447 2853 525 2917 quae
548 2837 633 2919 operi
656 2835 808 2900 simillima
832 2841 879 2899 est
900 2834 944 2898 illi
966 2836 1005 2899 ad
1029 2837 1111 2918 quod
1135 2843 1278 2902 exercet:
1301 2837 1362 2901 ita·

268 2964 326 3026 que
349 2945 455 3010 durior
477 2946 556 3011 solet
578 2964 647 3012 esse
669 2964 743 3010 vero
768 2946 961 3016 certamine„
990 2946 1182 3012 Gladiatores
1208 2947 1364 3030 graviori·

267 3055 323 3118 bus
345 3055 438 3120 armis
464 3056 594 3137 discunt,
616 3075 705 3138 quam
726 3063 882 3138 pugnant:
911 3057 1021 3121 diutius
1044 3058 1113 3121 illos
1134 3057 1281 3140 magister
1312 3074 1364 3118 ar-

266 3171 384 3244 matos,
408 3183 496 3246 quam
519 3165 714 3228 adversarius
737 3167 875 3228 sustinet.
921 3166 1083 3227 Laetantes
1106 3165 1196 3226 binos
1218 3164 1364 3227 simulac

266 3278 372 3337 ternos
392 3273 530 3355 fatigant,
553 3278 584 3334 ut
605 3273 725 3336 facilius
748 3272 878 3354 singulis
898 3272 1052 3334 resistant.
1097 3271 1257 3349 Cursores,
1281 3271 1362 3351 quod

268 3381 347 3444 intra
380 3382 524 3465 exiguum
554 3361 682 3461 spatium
714 3381 752 3443 de
789 3379 951 3444 velocitate
984 3397 1089 3442 eorum
1123 3378 1295 3458 iudicetur,
1330 3379 1361 3440 id

267 3508 360 3571 saepe
376 3490 407 3553 iu
425 3489 645 3554 exercitatione
661 3489 827 3554 decurrunt
849 3488 931 3568 quod
946 3488 1041 3552 semel
1063 3487 1223 3552 decursuri
1247 3489 1362 3550 suntin

269 3598 443 3664 certamine.
486 3598 699 3680 Multiplicatur
725 3618 763 3663 ex
785 3597 935 3660 industria
955 3596 1044 3660 labor
1066 3614 1125 3678 quo
1143 3596 1360 3678 condiscimus,

267 3714 299 3773 ut
318 3709 436 3774 levetur
459 3727 519 3791 quo
544 3709 745 3772 decernimus.
804 3709 837 3771 ln
873 3706 1067 3771 scholasticis
1089 3707 1362 3771 declamationibus

267 3825 373 3882 contra
397 3821 514 3884 evenit:
537 3818 638 3882 omnia
661 3803 800 3882 molliora
822 3823 853 3881 et
873 3816 1126 3906 solutiora-sunt,
1142 3817 1178 3879 in
1194 3819 1263 3882 loro
1287 3837 1362 3899 par-

264 3933 326 3994 tem
344 3929 507 4011 accipiunt,
530 3930 562 3990 in
582 3927 689 3992 schola
711 3927 836 4009 eligunt.
880 3925 945 3990 Ill-ic
967 3925 1061 3991 iudici
1078 3926 1289 3990 blandiuntur:
1311 3927 1361 3990 bic

266 4039 457 4117 inserviunt,
490 4037 554 4099 illic
577 4037 657 4100 inter
678 4037 829 4101 fremitum
852 4036 1106 4100 circumsonantis
1122 4037 1235 4099 'turbae
1259 4036 1363 4100 inten-

266 4149 384 4212 dendus
406 4148 524 4212 animus
542 4135 602 4226 est,
624 4164 686 4210 vox
707 4147 746 4210 ad
769 4163 859 4210 aures
880 4145 992 4209 iudicis
1013 4145 1196 4227 perferenda
1218 4153 1281 4210 est:
1307 4145 1357 4206 bic

265 4275 305 4324 ex
330 4256 415 4322 vultu
448 4255 577 4322 dicentis
610 4253 745 4338 pendent
771 4254 905 4319 omnium
934 4253 1043 4320 vultus.
1087 4255 1191 4340 ltaque
1212 4253 1294 4320 velut
1321 4263 1361 4314 ex
