3140 5076
619 265 866 340 ..pp-

195 451 328 532 moedia‚
355 453 585 520 admirationem
609 457 741 536 excipiat
763 455 934 522 ridiculum.
979 458 1028 522 llti
1046 460 1179 540 peractis
1197 462 1289 526 striis

193 561 325 626 ridendo
347 579 406 626 nos
431 563 605 644 oblectent,
627 566 706 628 inter
727 584 840 648 graves
871 567 1129 650 admirandusque
1149 569 1288 634 homines

193 686 263 734 sese
276 671 308 732 in
323 670 414 734 altum
429 672 569 738 attollere
585 680 738 738 conantur
750 675 982 756 homunciones,
1003 693 1063 757 quo
1076 677 1175 760 magis
1194 696 1291 760 gram

194 778 249 846 des
271 779 372 844 videri
393 781 570 864 cupientes,
594 801 632 845 eo
657 783 781 863 parvula
802 783 899 866 figura
922 784 1001 849 iocis
1029 787 1129 868 magis
1150 787 1286 850 obnoxii.

194 889 229 952 ln
251 889 321 969 illa,
351 891 460 954 litteris
484 909 607 972 semper
628 898 661 955 ut
684 893 779 956 hodie
809 911 930 976 quoque
953 895 1086 978 inclyta,
1115 897 1290 961 Tolosatem

195 998 329 1077 civitate,
351 1000 460 1064 rhetor
480 1000 670 1081 Emporias,
691 1002 821 1083 inflatus,
845 1003 893 1066 sui
916 1005 1150 1085 amantissimus,
1173 1006 1291 1088 gmtis-

193 1106 302 1171 simum
322 1126 435 1191 gerens
455 1111 587 1174 animum
604 1112 686 1192 quod
707 1118 805 1176 semet
820 1113 917 1192 ipsum
929 1119 988 1178 tam
1002 1114 1205 1184 excellentem
1221 1133 1292 1179 cre·

193 1221 277 1280 asset
297 1217 421 1297 Natura,
444 1219 524 1282 inter
547 1219 851 1311 civesnapparebatd⁴

338 1327 466 1392 incessu
487 1329 593 1411 gravis
617 1337 647 1393 et
667 1331 771 1394 verbis
794 1329 982 1413 ingentibus,
1007 1347 1062 1394 ore

338 1436 477 1518 Pulcher,
503 1445 532 1502 et
552 1439 594 1502 ad
619 1458 764 1504 summam
785 1446 869 1504 motu
890 1439 1054 1520 habituque
1076 1445 1226 1504 venusto:

341 1545 436 1626 Copia
460 1547 509 1610 cui
530 1547 615 1612 laudi
636 1548 730 1630 longe
750 1548 972 1628 pulcherrima3
996 1566 1086 1629 quam
1109 1549 1136 1612 si

342 1654 458 1718 Auditu
478 1662 567 1718 tenus
588 1657 756 1736 acciperes,
781 1656 890 1719 delleta
913 1655 1068 1736 placeret3

341 1763 520 1827 Discussam
542 1764 639 1828 scires
658 1764 752 1827 solidi
773 1764 848 1827 nihil
872 1763 968 1826 edere
987 1771 1145 1841 sensus1).

196 1870 293 1944 Quum
326 1870 477 1936 vidissent
515 1871 658 1942 Tolosani
696 1873 822 1936 tumenti
862 1873 1140 1956 magniloquentiae
1179 1870 1292 1934 nullam

196 1979 300 2042 inesse
329 1980 391 2044 vim
424 1999 461 2044 ac
490 1980 584 2044 vitm
609 1999 668 2045 nec
689 1981 886 2064 pinguedinis
919 1983 1021 2045 nitore
1043 1982 1126 2044 vires
1159 1980 1292 2058 ostendi,

195 2088 351 2153 rhetorem
373 2107 463 2172 quem
486 2091 714 2156 honoraverant
744 2097 832 2172 toga,
867 2109 939 2156 mox
967 2090 1150 2171 pepulerunt·
1167 2089 1293 2153 levitate

195 2199 272 2278 pari.
318 2198 392 2261 Cum
413 2203 564 2282 gravitate
588 2219 643 2264 sua
671 2206 701 2262 et
714 2199 862 2280 ‚ampullis
884 2206 1031 2264 uenustus
1062 2200 1152 2262 homo
1176 2199 1293 2280 migra-

193 2309 238 2370 vit
260 2308 436 2372 Narbonem
457 2311 560 2392 ibique
582 2311 662 2374 lilios
683 2311 848 2392 Dalmatii,
876 2327 966 2391 quem
991 2315 1115 2393 patruus
1138 2311 1292 2373 Constan-

193 2415 273 2480 tinus
297 2418 415 2499 imperii
437 2419 603 2484 haeredem
624 2438 695 2484 esse
720 2419 873 2503 cumgliliis
895 2419 994 2497 iussit,
1017 2419 1128 2501 mandi
1146 2417 1291 2482 mercede

194 2526 314 2604 docuit3
348 2527 379 2589 hi
402 2528 551 2592 Caesares
574 2547 643 2594 cum
667 2535 788 2610 essent,
810 2528 1003 2610 praeceptori
1024 2528 1171 2594 honorem
1197 2544 1291 2610 prae-

192 2635 280 2713 sidis,
304 2635 530 2718 Hispanumque
552 2639 686 2702 tribuere
708 2638 850 2702 tribunal.
895 2638 993 2702 Vitam
1025 2637 1188 2718 praedives
1215 2636 1291 2700 finiit

193 2744 268 2804 sede
289 2743 477 2826 Cadurca2).
520 2746 729 2828 Numquamne
750 2747 871 2810 vidistis
894 2747 1090 2830 languentem
1110 2747 1291 2827 sapientiam

194 2856 224 2912 et
245 2851 445 2930 modestiam,
473 2853 642 2918 honoribus
663 2871 739 2917 uero
768 2854 949 2916 cumulatam
972 2855 1135 2917 vanitatem
1158 2853 1290 2934 stupenti

192 2957 303 3038 populo
331 2958 540 3022 admimndem
561 2978 631 3024 sese
653 2961 801 3024 audacter
821 2960 1026 3024 offerentem?

291 3066 383 3130 Aliud
404 3067 583 3132 adiiciamus
608 3068 772 3149 exemplar.
815 3069 964 3149 Tempore
983 3085 1043 3150 quo
1065 3069 1165 3132 tenuis
1186 3085 1291 3150 gram

192 3177 320 3240 maticus
342 3176 525 3242 Anastasius
536 3180 562 3254 ³)
585 3178 664 3241 male
686 3177 814 3242 doceret
835 3177 1064 3260 grammaticam
1087 3178 1118 3239 in
1140 3177 1218 3240 urbe
1238 3178 1289 3240 l'i-

193 3286 326 3366 ctonica,
350 3287 464 3351 ibidem
488 3287 674 3352 rhetoricam
696 3288 783 3368 peius
806 3287 911 3350 docuit
932 3285 1048 3367 Roseus,
1070 3286 1144 3351 artis
1166 3285 1289 3352 dicendi

190 3397 367 3476 professor,
400 3397 467 3477 ipse
486 3403 584 3460 munis
602 3403 634 3460 ut
656 3396 721 3460 eius
743 3397 866 3480 imago,
901 3396 982 3478 quod
1004 3397 1108 3460 vitium
1130 3395 1286 3460 Ausonius

194 3511 264 3568 octo
289 3507 558 3588 epigrammatibus
566 3510 596 3581 l)
620 3507 721 3570 tacete
742 3506 937 3588 perstrinxit:

214 3615 276 3678 Ore
297 3615 424 3696 pulchro
447 3622 477 3679 et
499 3633 553 3678 ore
574 3621 657 3680 muto
679 3617 762 3680 scire
783 3616 831 3678 vis
855 3633 933 3695 qrme
957 3614 1042 3679 sim‘l
1069 3647 1108 3666 -—
1132 3614 1220 3678 Volo.
1244 3651 1283 3664 -

379 3795 383 3800 ¹
461 3723 567 3804 lmago
587 3723 653 3787 uult
672 3722 806 3786 rhetoris
829 3721 1010 3786 Pictavicae.

242 3990 273 4054 1)
292 3988 333 4041 lt.
357 3990 445 4044 xvn.

240 4085 272 4149 2)
295 4084 363 4138 Ittu

244 4184 276 4247 8)
295 4184 383 4247 Supra
398 4197 425 4248 p.
447 4181 507 4234 116.

239 4279 271 4348 4)
290 4279 405 4332 stt-ua.
