3140 5076
1 4359 7 4506 i

2 4680 5 4799 l

613 295 860 361 ..5.-

288 482 488 562 Massiliotae,
510 482 567 547 sub
585 483 792 549 Romanomm
814 482 955 564 imperio,
977 482 1070 546 rebus
1093 480 1287 546 mercatoriis

192 610 260 656 cum
294 592 388 656 Gallis
422 591 600 672 coniuncti,
634 593 770 656 Latinam
800 599 830 656 et
851 590 998 659 Gallicam
1033 592 1169 675 linguam
1204 591 1287 672 loqui

192 708 380 782 coeperunt,
413 700 545 784 ideoque
566 701 665 766 Varro
687 701 842 784 trallenses
867 719 922 766 eos
945 701 1107 784 appellavit
1119 708 1155 782 ¹).
1199 701 1286 766 Haud

192 810 284 874 dubie
298 811 485 874 Massiliotac
501 811 647 876 doctores
665 814 781 876 sensim
792 813 897 876 Latine
917 811 1053 894 profiteri
1076 817 1288 890 assueverunt,

190 921 235 982 uli
255 919 387 984 Pacatus
412 920 463 984 ille
496 921 602 986 rhetor
633 922 753 1004 dequo
775 922 961 988 mentionem
983 922 1057 986 lacit
1083 922 1123 988 Μ.
1141 922 1288 985 Annaeus

192 1029 310 1094 Seneca
332 1031 365 1093 in
380 1030 655 1113 Controversiam.
698 1033 813 1096 Latinis
836 1050 956 1114 quoque
984 1032 1186 1114 scriptoribus
1209 1031 1288 1094 Pro-

191 1139 299 1218 vincia?
316 1139 458 1202 inclaruit
471 1161 481 1218 ;
515 1140 602 1204 testis
629 1139 744 1222 Treoua
766 1140 951 1220 Pompeios,
984 1141 1036 1223 qui
1058 1141 1139 1204 inter
1159 1142 1287 1204 Vocon-

191 1248 262 1326 tios,
283 1247 437 1312 Massiliae
459 1249 590 1329 vicinos,
612 1255 719 1329 natus,
739 1250 885 1313 historias
909 1251 1014 1314 aNini
1034 1257 1172 1332 lampone
1192 1266 1289 1330 usque

190 1355 229 1420 ad
261 1356 433 1440 Augustum
465 1359 702 1439 conscripserat.
757 1358 993 1439 Dependitorum
1032 1359 1098 1423 eius
1129 1359 1288 1439 librorum,

193 1467 244 1546 qui
268 1467 375 1530 seculo
399 1468 650 1550 decimoquarto
673 1468 774 1531 adhuc
799 1468 955 1532 exstitisse
976 1469 1170 1549 videntum,
1193 1468 1287 1532 dolc-

190 1593 255 1639 rcm
277 1577 383 1640 lustini
404 1575 535 1659 epitome
558 1585 704 1642 nontam
730 1579 847 1643 solatur
867 1596 957 1661 quom
979 1585 1081 1661 auget.

250 1817 278 1902 5.
301 1825 332 1884 3.
375 1816 468 1885 Galo
493 1819 643 1886 rhetores
670 1819 777 1886 libero
799 1815 1019 1887 Romanorum
1040 1819 1224 1905 republica.

597 2046 629 2103 a)
648 2040 679 2090 ln
697 2039 768 2090 Urbe
786 2041 883 2092 Roma.

290 2173 399 2238 Strabo
422 2181 527 2239 narrat
549 2174 663 2254 Gallos,
688 2173 869 2239 eruditionis
891 2175 1019 2239 utilitate
1038 2181 1215 2257 permotos,
1238 2173 1291 2238 lit-

188 2288 318 2350 terarum
342 2284 499 2348 studiosos
525 2285 629 2349 luisse.
674 2285 860 2349 Rhetoricae
883 2286 944 2349 iam
966 2287 1003 2348 ab
1023 2284 1109 2349 initio
1133 2284 1290 2368 ingenium

190 2413 277 2460 suum
291 2395 529 2478 applicaverunt.
573 2396 649 2458 Nam
670 2394 875 2476 antiquissimi
896 2395 1034 2479 magistri
1059 2393 1110 2476 qui
1130 2394 1211 2458 hanc
1235 2412 1288 2459 ar-

191 2511 249 2568 tem
271 2507 386 2570 Romae
407 2505 542 2585 professi
564 2510 634 2568 sunt
657 2505 780 2568 oriundi
803 2511 890 2568 erant
913 2522 930 2567 c
953 2505 1061 2568 Gallia.
1166 2498 1195 2576 J
1258 2490 1262 2498 ’

289 2615 392 2678 Gallus
416 2614 537 2697 quidam
559 2613 685 2677 libertus
700 2617 731 2692 l)
752 2614 867 2696 primus
891 2614 1024 2678 omnium
1044 2616 1160 2686 Romae
1182 2615 1292 2678 rheto-

189 2726 285 2789 ricam
307 2725 432 2787 latinam
453 2725 612 2805 professus
636 2730 683 2787 est
702 2730 752 2805 ⁵),
783 2742 862 2787 anno
886 2726 921 2788 U.
946 2724 978 2788 C.
1003 2724 1064 2789 660
1087 2725 1126 2805 ὑ).
1176 2723 1290 2786 Lucios

189 2832 303 2895 Plotius
324 2833 429 2914 Gallus
450 2849 563 2895 nomen
586 2834 615 2895 ei
639 2839 713 2896 erat.
757 2832 803 2896 De
824 2833 884 2895 hoc
906 2833 947 2896 ita
974 2833 1083 2896 Cicero
1105 2834 1137 2896 in
1160 2833 1289 2914 epistola

125 3008 130 3016 ,
191 2943 230 3006 ad
245 2943 379 3006 Marcum
395 2941 570 3020 Titinnium,
588 2961 605 3004 a
623 2942 770 3006 Suetonio
783 2947 811 3018 ⁷)
834 2943 925 3004 nobis
948 2947 1079 3005 servata.
1123 2943 1290 3022 „Equidem

190 3053 356 3132 „memoria
378 3057 480 3129 teneo,
500 3050 604 3132 pueris
626 3050 716 3113 nohis
735 3051 863 3132 primum
885 3050 990 3114 Latine
1012 3050 1126 3115 docere
1148 3051 1291 3130 coepisse

190 3161 332 3244 „Lucium
352 3160 479 3225 Plotium
503 3160 673 3241 quendam:
704 3161 743 3223 ad
765 3178 856 3242 quem
884 3178 974 3242 quum
995 3161 1084 3224 lieret
1106 3176 1286 3239 concursus,

243 3472 274 3536 1)
296 3467 408 3522 Hieron.
432 3468 496 3521 Gal.
514 3481 552 3532 pr.
571 3468 599 3520 2.

243 3569 274 3632 ²)
292 3569 324 3618 [ι.
342 3567 379 3633 V,
400 3565 493 3618 Gonlr.
511 3565 556 3616 29.

244 3665 275 3727 3]
292 3663 420 3727 liemon,
448 3661 490 3712 De
521 3659 605 3725 viuri
626 3657 752 3726 Pompeto'
782 3657 888 3726 mque
915 3658 1068 3725 epitomata
1093 3657 1209 3724 romeos
1221 3689 1231 3722 ‚
1261 3659 1289 3707 in

288 3758 444 3810 comm.
472 3757 526 3808 Soc
549 3757 634 3810 θυαε.
653 3771 678 3808 c.
697 3757 741 3808 13.
792 3755 924 3817 Quanam
949 3758 1042 3820 l'rogo
1066 3755 1145 3806 fldem
1172 3754 1287 3804 uetiam

287 3855 372 3905 sume
392 3854 529 3904 emanet
548 3855 668 3906 eminens
686 3855 830 3904 historicus
849 3853 944 3903 Amaci.
962 3852 1088 3921 antony,
1105 3851 1160 3901 vicl.
1182 3851 1211 3900 in
1227 3850 1287 3902 elus

288 3952 356 4003 litet.
375 3951 423 4003 des
442 3950 567 4003 cauae.
587 3953 610 4019 1,
628 3951 750 4002 ΧΙΝΙΠ.
1244 3963 1251 3968 ·

244 4053 274 4115 a)
294 4049 461 4115 Mnemon,
481 4045 632 4098 Hatram.
652 4046 742 4098 mass.
760 4045 812 4098 ut.
832 4045 880 4096 lV.
902 4045 946 4095 44.

239 4151 271 4213 a)
291 4147 395 4198 Seneca
413 4145 579 4198 uomicam.
597 4144 683 4208 praef.
699 4141 718 4193 i.
737 4145 770 4193 ll.

235 4247 266 4309 θ)
286 4241 386 4307 Boetr,
407 4239 502 4292 aesca
521 4239 547 4290 d.
565 4241 646 4292 Rom.
664 4239 806 4292 latemur.
825 4240 847 4307 1,
867 4237 927 4290 eol.

231 4341 262 4404 7)
281 4339 323 4391 lte
344 4337 419 4390 aar.
439 4337 526 4390 litata
550 4337 620 4392 aa.
