3140 5076
703 249 946 317 „53-

473 438 600 505 Fructus
630 439 736 519 exitis,
760 438 921 521 tenuisque
943 445 1106 520 serm01),
1269 511 1277 524 ἐκ

276 563 335 610 nec
357 546 602 630 emolumentum,
617 567 677 613 nea
691 549 770 620 lama
787 567 842 614 eos
864 550 1041 613 incitabant.
1085 545 1368 630 Ausonius‘latetur

276 673 311 720 se
331 657 369 720 ab
392 656 452 722 boo
473 658 575 728 studio
597 658 767 741 refugisse:
1188 649 1191 656 ’

907 781 1008 848 neque
1028 768 1199 850 disciplinis
1212 829 1214 836 .

556 877 680 961 Appudit
700 879 827 944 Graecis
848 879 976 961 puerilis
999 879 1068 944 aevi

513 1033 521 1042 -
641 988 759 1052 Noxius
781 1006 870 1054 error
881 995 921 1064 ²).

275 1117 328 1182 Sic
364 1123 395 1181 et
415 1119 454 1183 D.
478 1121 664 1203 Augustinus
683 1122 703 1185 l.
727 1124 741 1184 l
763 1121 1000 1204 confessionam.
1039 1120 1137 1202 ,Quid
1167 1125 1267 1184 autem
1300 1125 1368 1182 erat

276 1245 388 1292 causae
415 1247 469 1293 cur
491 1232 626 1295 Graecas
648 1217 773 1296 litteras¹
788 1232 931 1310 oderam,
957 1232 1065 1311 quibus
1087 1229 1229 1312 puerulus
1248 1227 1368 1291 imbue-

274 1337 348 1416 bar,
381 1356 420 1402 ne
450 1357 531 1402 nuno
561 1339 684 1420 quidem
716 1342 791 1404 satis
824 1341 1013 1422 exploratum
1036 1347 1091 1404 est.
1135 1338 1360 1402 Adamaueram

274 1446 355 1509 enim
376 1447 512 1528 litteras,
535 1466 597 1511 non
618 1467 693 1531 quas
714 1450 805 1530 primi
825 1449 981 1532 magistri,
1004 1449 1060 1512 sed
1083 1465 1158 1529 quas
1181 1447 1294 1511 docent
1315 1447 1367 1528 qui

273 1556 464 1639 grammatici
486 1564 645 1622 vocantur.
687 1558 764 1622 Nam
785 1559 853 1623 illas
871 1560 1002 1640 primas,
1025 1559 1077 1620 ubi
1097 1558 1214 1638 legere,
1239 1562 1269 1619 et
1286 1557 1367 1619 scri-

251 1649 252 1652 *
273 1664 359 1743 bere,
383 1672 413 1728 et
433 1684 595 1732 numerare
618 1668 757 1748 discitur,
781 1686 844 1732 non
865 1669 972 1732 minus·
988 1683 1139 1732 onerosas
1159 1665 1366 1747 poenalesque

272 1771 432 1853 habebam,
449 1794 539 1857 quam
562 1793 668 1840 omnes
682 1769 847 1841 Graecas.“
890 1778 1033 1842 Attamen
1048 1776 1240 1859 grammatici
1256 1774 1368 1840 Graeci

271 1882 433 1964 Latinique
455 1885 563 1948 eadem
584 1885 762 1968 dignatione
784 1894 871 1950 erant
892 1888 924 1948 in
945 1903 1117 1963 commune,
1141 1891 1269 1966 excepta
1288 1883 1389 1947 urbe·

271 1991 448 2082 Treuerico,
470 1993 523 2056 ubi
546 1996 643 2059 maior
665 1995 766 2058 bonor
789 1997 991 2078 grammatico
1005 1996 1114 2058 Latino
1137 2013 1227 2076 quam
1244 1995 1364 2057 Graeco

272 2099 338 2180 fuit,
357 2101 437 2165 lorte
452 2101 535 2184 quod
554 2104 587 2167 in
606 2121 642 2166 ca
658 2104 807 2167 ulteriore
817 2104 982 2167 Galliarum
998 2109 1094 2184 parte,
1116 2103 1298 2166 Germaniae
1317 2101 1369 2164 vi-

274 2209 412 2289 ciniore,
438 2229 500 2274 non
523 2211 602 2275 adeo
623 2229 697 2276 usus
717 2203 843 2295 linguae
866 2212 1004 2275 Graecae
1027 2215 1139 2283 erati).
1185 2207 1259 2273 ldeo
1282 2209 1363 2274 Gra-

272 2319 373 2383 tianus
394 2320 427 2382 in
451 2320 588 2400 decreto,
613 2320 652 2384 de
668 2322 790 2385 Graeco
812 2322 937 2388 rhetore
959 2320 1038 2401 apud
1061 2319 1205 2383 'lreviros
1229 2320 1297 2381 cum
1317 2317 1369 2380 lo-

273 2427 384 2508 quitur,
405 2426 506 2492 addit:
529 2431 574 2509 ,si
594 2431 644 2511 qui
666 2430 777 2512 dignus
799 2429 929 2510 reperiri
953 2427 1114 2509 potuerit.“

370 2537 454 2600 lnter
474 2537 692 2618 grammaticos
709 2538 844 2602 Graecos
868 2553 1055 2619 magnopere
1067 2535 1210 2600 laudatur
1222 2533 1367 2613 ditamus,

272 2644 493 2726 Syracusanus,
517 2646 603 2708 ouius
625 2645 811 2709 carminibus
834 2645 992 2709 concessit
1014 2643 1067 2709 Cei
1086 2663 1172 2708 musa
1185 2642 1364 2722 Simonidis,

273 2753 385 2836 quique
405 2754 589 2838 Burdigalae
608 2756 789 2838 peregrinus
813 2756 941 2835 docens,
962 2754 1042 2819 bano
1064 2753 1218 2817 civitatem
1238 2754 1367 2833 ,excul-

265 2869 333 2926 tam
353 2861 462 2929 studiis
483 2881 579 2947 prope
599 2862 808 2928 reddiderat.“
851 2865 880 2928 ls
905 2863 1080 2946 coniugium
1101 2867 1210 2926 nactus
1233 2868 1280 2926 est
1301 2863 1363 2925 cito

271 2963 384 3037 nobilio
405 2980 436 3038 et
453 2973 614 3056 locupletis
624 2981 666 3052 ⁴).

372 3083 633 3158 Quemadmodum
655 3083 789 3163 Romae,
811 3084 854 3148 ita
878 3083 909 3145 in
933 3081 1030 3146 Gallia
1049 3079 1219 3146 humilioris
1240 3082 1366 3166 generis

272 3191 524 3274 existimabantur
546 3193 756 3275 grammatici,
790 3191 952 3255 nobilioris
980 3189 1119 3253 ractores
1154 3196 1185 3253 ct
1206 3191 1367 3255 habeban-

271 3303 321 3361 tur
337 3303 365 3380 s)
386 3303 417 3361 et
434 3298 534 3362 videri
555 3299 708 3363 volebant.
764 3297 805 3361 At
832 3301 977 3380 quantum
1000 3299 1129 3363 honoris
1157 3299 1266 3364 studiis
1287 3299 1364 3364 rbe-

325 3600 357 3666 1)
376 3600 479 3654 Aaron.
499 3600 578 3668 Prot.
595 3601 671 3653 vill.

286 3749 292 3758 -
324 3714 357 3782 a)
376 3711 444 3766 rou.

327 3839 360 3914 a)
379 3829 562 3900 concaedes
578 3830 607 3884 tn
627 3803 692 3886 coa.
714 3829 811 3890 meod.
829 3831 848 3884 r.
865 3819 940 3903 xm,
959 3833 1011 3884 ore.
1029 3831 1079 3904 m,
1100 3831 1125 3895 s.
1144 3829 1192 3885 xl.

326 3956 359 4026 4)
378 3953 479 4006 Aaou
495 3935 621 4019 Prolem.
641 3955 715 4006 xlll.
1096 3919 1100 3924 Ι

324 4077 356 4140 a)
376 4072 440 4124 dod.
461 4073 593 4126 ibcodoa.
608 4075 627 4124 1.
646 4073 712 4126 xm
727 4076 837 4140 passim,
854 4075 925 4125 tuter
943 4073 997 4125 alia
1014 4073 1066 4125 tlt.
1084 4073 1123 4124 111
1141 4070 1167 4134 8.
1178 4069 1223 4134 il,
1243 4069 1369 4129 entim!

369 4171 543 4234 rescriptum:
562 4169 743 4238 „oratoribus
758 4171 794 4222 24
813 4181 979 4220 annonarum
999 4182 1016 4220 a
1033 4167 1101 4220 dsco
1124 4167 1305 4225 amolumma
1316 4167 1369 4216 do·

368 4267 477 4336 mentm,
497 4261 679 4338 grammaticis
687 4266 786 4319 Latino
803 4266 849 4322 vol
858 4265 967 4324 druco
985 4263 1211 4338 limarum,
1228 4263 1370 4322 dedaodor
