3140 5076
685 261 932 332 ...w-

425 451 591 516 Romanum
613 453 738 533 propius
760 451 944 531 divitiusque
966 449 1065 514 sorum
1091 456 1150 530 est,

385 562 449 626 lllic
471 581 544 626 aera
565 569 693 626 sonant:
719 568 749 625 at
770 562 886 626 circum
908 561 1022 641 pulpita
1044 567 1151 626 nostra

425 667 1192 752 fflmfflwmwmmmmwmmm

356 785 421 848 Nec
443 782 568 864 ingenia
591 781 739 860 deluere3
772 781 969 846 illustriorum
991 777 1115 846 nomina
1135 780 1239 846 laudat
1259 780 1358 854 Quin-

259 892 390 970 tilianus,
414 890 576 971 additque:
612 891 712 970 „Sunt
742 891 794 954 alii
823 890 908 954 multi
939 890 1070 968 diserti,
1093 907 1171 970 quos
1209 890 1355 971 persequi

257 998 1356 1083 hmmwfflfflwfflmmwmmmmm

257 1110 342 1173 ribus
363 1110 511 1190 scribent,
534 1127 676 1192 magnam
698 1126 764 1187 eos,
790 1109 842 1190 qui
863 1127 944 1196 nunc
965 1109 1081 1190 vigent,
1104 1109 1263 1184 materiam
1279 1125 1354 1172 vere

256 1219 427 1283 laudandi·
456 1221 532 1285 Sunt
553 1220 634 1284 enirn
656 1219 905 1298 summa'bodie,
928 1219 1037 1300 quibus
1057 1217 1222 1282 illustramr
1243 1217 1354 1297 sorum,

257 1329 391 1411 ingenia.
420 1330 557 1410 Namque
571 1335 603 1391 et
621 1329 823 1392 consummati
845 1329 905 1392 iam
925 1329 1045 1409 patroni
1066 1327 1222 1393 veteribus
1245 1345 1358 1392 aemu-

258 1439 377 1516 lantur,
414 1443 444 1500 et
470 1453 526 1501 eos
559 1438 702 1501 iuvenum
731 1437 771 1499 ad
806 1437 918 1517 optima
947 1437 1137 1500 tendentium
1163 1436 1298 1502 inritatur
1318 1457 1357 1502 ac

259 1545 396 1628 sequitm
418 1545 636 1621 industriam).
713 1607 716 1614 ,

338 1655 401 1720 ,Βε
421 1655 591 1720 Rhetorum
612 1654 730 1719 meritis
759 1652 858 1735 primo
880 1659 950 1734 post
977 1652 1107 1718 liberam
1127 1653 1353 1736 llempublicam

255 1765 399 1843 saeculo,
429 1767 461 1826 in
484 1769 643 1846 utramque
670 1771 787 1847 partem
819 1763 967 1844 disputari
996 1770 1026 1826 et
1052 1769 1154 1845 potest
1186 1770 1218 1826 et
1245 1765 1347 1832 debet.

254 1875 419 1956 Antiquam
438 1876 606 1938 oratoriam
632 1875 663 1938 ln
693 1875 763 1938 loro
786 1873 1019 1953 educationem,
1050 1873 1208 1938 rhetorum
1228 1873 1354 1940 scholae

255 1985 339 2049 nullo
367 1984 459 2048 mudo
482 1989 700 2066 aequaverunt.
748 1985 782 2046 ln
812 1983 920 2048 harum
953 1981 1130 2046 scholarum
1163 1983 1352 2048 umbraculis

254 2093 392 2158 ludicrae
412 2093 576 2158 facundiae
593 2093 760 2159 certamina
774 2099 912 2158 sanctam
930 2093 1047 2156 liberae
1061 2091 1254 2172 eloquentiae
1272 2092 1352 2154 ima-

255 2199 1352 2288 gmmmfflmmfflmmwmmmmmw.fflfflm-

254 2313 371 2375 tionum
392 2311 465 2374 olim
486 2311 608 2376 felicem
627 2312 778 2374 rationem
799 2312 934 2392 pessimo
954 2309 1013 2374 u'su
1025 2310 1230 2392 depravarunt
1249 2311 1353 2394 magi-

254 2420 310 2484 stri
334 2422 366 2481 in
387 2437 464 2500 quos
487 2420 595 2483 meritc
618 2418 772 2483 invehitur
791 2417 969 2498 Petronius,
991 2419 1077 2483 initio
1099 2418 1241 2500 sapae.

352 2528 612 2603 Quemadmodum
635 2527 667 2590 in
687 2527 761 2592 foro
777 2527 827 2591 vel
849 2529 944 2607 curia,
966 2529 1013 2591 sic
1033 2528 1066 2592 in
1084 2528 1201 2592 sobolis
1222 2533 1349 2592 aerumn-

253 2639 304 2701 tiis
328 2638 444 2720 argutis
462 2637 699 2715 tantummodo,
729 2636 924 2715 immodiciS,
948 2636 1097 2702 subtiliter
1118 2638 1226 2717 dietis,
1251 2657 1269 2701 a
1290 2655 1349 2702 ne-

254 2747 347 2810 tnrali
375 2745 569 2828 simplicitate
604 2745 840 2809 abhorrentibus
873 2743 1120 2826 applaudebatur.
1186 2746 1350 2812 Rhetorum

252 2855 355 2936 multi,
389 2851 644 2919 extranaturale
677 2844 827 2936 vagantes
855 2871 911 2934 pro
933 2854 1063 2948 sanitate
1086 2849 1255 2934 hamorem,
1287 2871 1344 2935 pro

254 2965 346 3029 animi
365 2966 523 3030 maiestate
540 2963 686 3045 ampullas
702 2963 809 3028 haberi
831 2953 985 3048 volebant.
1029 2963 1174 3045 Exempla
1195 2963 1273 3044 apud
1290 2963 1350 3028 Se-

252 3073 1347 3155 mmfflwmmmmmwmmwwn

251 3165 408 3262 rhetorum
430 3182 546 3249 sobolis
568 3185 639 3246 nata
664 3187 711 3245 est
733 3201 821 3263 quam
844 3201 863 3243 e
886 3187 1028 3261 corrupto
1050 3178 1246 3259 Reipublicae
1270 3185 1352 3245 statu

253 3293 285 3355 in
299 3311 352 3355 aas
368 3287 548 3370 munaum).
578 3289 770 3372 Cornificius,
791 3289 949 3353 Cornelius
962 3288 1078 3367 Celeus,
1102 3285 1273 3369 Columella,
1296 3288 1348 3366 qui

253 3417 316 3463 non
347 3399 446 3462 solum
474 3399 514 3464 de
546 3405 613 3464 arte
635 3399 771 3478 rustica,
804 3397 844 3462 dc
866 3402 932 3462 arte
951 3395 1074 3460 ‘medica
1096 3394 1227 3476 aliismre
1251 3393 1348 3458 disci-

250 3509 341 3591 plinis
360 3508 496 3591 'scripsit
529 3509 585 3573 sed
610 3508 649 3572 de
674 3513 740 3571 arte
771 3506 894 3570 dicendi
921 3504 1055 3570 libellum
1083 3503 1197 3584 edidit,
1233 3503 1347 3586 prioris

251 3621 320 3686 aevi
348 3620 530 3702 elegantiam
560 3617 695 3682 retinere
716 3617 905 3681 studuerunt.
955 3615 1094 3682 Summus
1121 3631 1197 3680 vero
1229 3613 1262 3678 in
1291 3615 1351 3680 lrac

252 3731 410 3812 doctrina,
433 3729 611 3812 aequalibus
632 3727 791 3809 superior,
823 3727 967 3794 ciceroni
986 3728 1053 3792 lere
1072 3744 1138 3809 par,
1162 3745 1180 3791 e
1200 3725 1348 3807 llisparria

307 4012 555 4076 mmmmm

303 4103 831 4173 mnonnersmmm

305 4204 337 4265 o)
358 4199 528 4252 ommam
546 4201 579 4253 L·
594 4201 630 4267 V,
653 4195 768 4263 praelat.

303 4297 334 4362 4)
352 4295 423 4348 Vide
443 4305 525 4360 supra
541 4305 567 4360 p.
586 4293 623 4350 22
644 4295 672 4345 et
691 4292 818 4363 Bennett,
838 4293 1067 4349 conuocato.
1086 4308 1112 4361 p.
1132 4293 1178 4350 12.

1550 892 1563 961 ε
