3140 5076
617 279 868 356 ..ss-..-

193 470 300 551 ciatio,
318 470 450 542 osudcis
470 468 552 536 haud
574 470 743 550 absimilis,
764 471 882 538 tractae
906 476 937 534 et
959 467 1071 535 elumbi
1094 469 1312 552 elomreniiae·

193 597 369 669 congrum
388 580 558 660 praevaluit
578 581 757 656 Quintiliani
778 587 928 662 tempore,
953 581 1049 661 eique
1067 580 1160 644 bilem
1184 580 1289 644 movit.

194 689 439 771 „Quodcumque
458 689 583 770 uitium,
602 692 718 773 inquit,
741 693 841 775 magis
863 688 996 770 tulerim,
1014 706 1104 772 quem
1125 705 1186 772 quo
1208 706 1290 754 nunc

194 797 325 862 maxime
352 797 509 864 laboratur
539 800 570 862 in
601 800 703 866 ualuis
735 800 875 868 omnibus
897 799 1094 880 scholisque,
1129 797 1289 861 cantandi:

194 909 276 990 quud
297 909 431 978 inutilius
452 910 493 976 sit
513 927 551 974 an
574 909 707 989 foedius,
732 911 851 974 nescio.
895 903 974 984 Quid
994 910 1076 972 enirn
1091 908 1191 972 minus
1215 925 1291 972 ors-

194 1019 253 1082 tori
276 1019 430 1097 convenit,
454 1035 544 1101 quam
566 1018 892 1097 modulatiosocaius,
908 1026 938 1084 et
949 1035 1166 1100 nonnunquam
1182 1018 1290 1082 ebrio·
1405 1023 1409 1032 '

192 1145 258 1192 rum
281 1134 332 1195 sut
352 1130 611 1196 commiscendum
629 1129 775 1194 licentiae
793 1128 902 1192 similis
912 1127 952 1190 ?“
969 1135 994 1206 ¹)

290 1237 368 1304 lluic
391 1238 541 1322 degeneri
556 1239 750 1319 eloquentiae
770 1236 962 1302 conveniens
983 1253 1050 1300 mos
1067 1242 1138 1300 tuno
1160 1237 1291 1330 obtinuit

193 1365 282 1430 quom
304 1347 414 1412 eodem
436 1348 507 1411 loco
534 1348 662 1430 insignit
683 1348 812 1414 seneca.
857 1347 1006 1412 Oratores
1039 1327 1291 1425 „laudationibus

193 1459 313 1524 crebris
334 1459 544 1538 sustinentur,
574 1459 638 1537 ait,
669 1464 699 1520 et
721 1457 868 1522 memoria
901 1473 1007 1522 eorum
1031 1455 1168 1520 assuevit
1197 1454 1290 1518 certis

193 1567 361 1639 intervallis
390 1569 563 1650 quiescere.
621 1567 696 1632 Cum
722 1573 845 1632 ventum
874 1571 921 1630 est
942 1567 974 1628 in
997 1564 1124 1642 lorum,
1147 1570 1178 1628 ct
1200 1562 1293 1628 desiit

193 1675 262 1746 illos
283 1674 323 1742 sd
346 1694 468 1742 omnum
491 1682 611 1758 gestum
632 1676 757 1755 plausus
780 1675 945 1758 excipere,
975 1681 1027 1739 aut
1046 1674 1214 1753 deliciunt,
1238 1681 1290 1738 aut

193 1782 304 1849 labant.
350 1783 462 1852 Adiice
484 1799 584 1863 nunc,
614 1785 697 1867 quod
726 1785 764 1848 ab
796 1784 865 1850 aliis
887 1784 998 1850 nullius
1029 1785 1204 1853 interventu
1231 1802 1308 1846 ex·-

194 1891 314 1956 cutitur.
357 1892 454 1957 Neruo
475 1893 566 1972 ridet,
586 1907 676 1958 nemo
699 1913 738 1960 ex
759 1893 910 1960 industria
934 1894 1123 1976 obloquitur:
1155 1892 1289 1958 familia-

193 2007 334 2070 rossum
354 2003 487 2093 omnium
507 2003 619 2068 ¹vultus.
664 2003 697 2066 ln
723 2004 811 2082 loro,
832 2011 865 2066 ut
886 2004 963 2070 nihil
985 2004 1077 2082 aliud,
1100 2004 1200 2084 ipsum
1219 2001 1290 2066 illos

195 2109 295 2174 lorum
325 2110 459 2172 turbans
472 2116 501 2192 ²)
536 2112 583 2173 De
604 2111 656 2175 illo
687 2111 852 2193 plaudendi
880 2129 966 2175 more
1000 2111 1131 2194 insignis
1154 2111 1289 2174 narratio

193 2218 272 2299 apud
302 2218 517 2284 Tertubianum
550 2226 658 2286 couno
683 2217 926 2286 Valentinianos:
954 2220 1012 2297 „tn
1036 2218 1137 2282 Esolis
1158 2217 1290 2283 Cartha-

192 2328 385 2413 giniensibus
413 2329 470 2392 luit
497 2330 705 2414 rigidissimus
726 2329 834 2395 rhetor
854 2329 979 2394 Latinus
1000 2328 1197 2410 Phosphorus
1227 2345 1289 2390 no-

191 2438 291 2502 mine:
323 2455 392 2503 cum
413 2438 512 2501 virum
535 2437 646 2504 fortem
665 2444 852 2519 peroraret,
873 2438 998 2517 Venio,
1017 2437 1135 2520 iuquit,
1161 2436 1200 2500 ad
1219 2455 1288 2516 vos,

191 2546 296 2627 optimi
317 2547 414 2626 cives,
435 2546 475 2612 de
495 2546 615 2628 proelio
640 2565 708 2612 cum
728 2548 866 2611 victoria-
878 2566 958 2627 mea,
975 2564 1044 2612 cum
1061 2546 1209 2612 felicitate
1230 2564 1289 2610 ve-

189 2661 252 2722 stra
272 2656 451 2737 ampliatus,
474 2656 651 2741 gloriosus,
675 2657 868 2738 lornrnatus,
890 2659 1057 2738 maximus,
1086 2658 1289 2740 triumphalis,

190 2771 221 2828 et
255 2764 439 2830 scholastici
478 2766 578 2830 statim
618 2766 733 2831 lemiliu
768 2766 940 2848 Phosphori
971 2765 1032 2850 ped·
1070 2767 1287 2832 acclamavit.“

189 2873 276 2936 llune
298 2890 415 2937 morem
439 2873 570 2938 classico
591 2874 661 2938 loco
685 2871 816 2939 illustrat
835 2875 949 2940 Plinius
967 2876 1080 2940 iunior.
1120 2877 1287 2956 „Hercule

189 2982 242 3060 ait,
262 2988 332 3046 ante
354 2982 533 3054 memoriam
558 3001 657 3046 meam
689 2984 841 3058 (maiores
870 2991 943 3048 natu
970 2985 1012 3051 ita
1039 2985 1141 3050 solent
1164 2984 1287 3063 dicere)

189 3107 229 3154 ne
250 3091 449 3156 nobilissimis
472 3091 595 3174 uiridem
618 3091 866 3158 adolescentibus
887 3092 974 3156 loeus
996 3099 1078 3173 erat,
1102 3093 1162 3157 nisi
1185 3093 1287 3175 aliquio

189 3199 350 3266 Consulari
370 3201 577 3282 producente:
612 3207 695 3264 tanta
722 3201 925 3266 veneratione
950 3201 1187 3283 pulcherrimum
1209 3221 1286 3284 opus

188 3310 410 3376 celebrabatur.
445 3311 532 3375 Nunc
554 3311 697 3376 refractis
714 3311 842 3392 pudoris
864 3318 895 3376 et
916 3314 1111 3379 reverentiae
1131 3314 1285 3395 claustris,

188 3421 290 3484 omnia
310 3427 415 3503 patent
436 3421 585 3484 omnibus.
625 3422 691 3486 Nec
711 3420 907 3500 inducuntur,
928 3423 986 3488 sed
1007 3424 1185 3504 irrumpunt.
1224 3423 1285 3488 Se-

188 3533 318 3608 quuntur
347 3529 502 3595 auditores
536 3530 692 3596 actoribus
722 3531 860 3611 similes,
898 3531 1043 3597 conducti
1077 3535 1109 3595 et
1135 3530 1286 3613 redempti

253 3715 311 3724 -—
322 3721 330 3724 .
337 3719 398 3725 ψ...-
408 3721 486 3728 .-..,.,,
494 3723 536 3733 „-

285 3820 424 3871 mmunu
441 3823 491 3873 sun
511 3824 719 3888 mperatormm
731 3825 888 3890 eloquenda
905 3807 986 3878 rome
996 3829 1025 3878 et
1041 3829 1141 3879 auerte
1158 3827 1284 3898 disseram

285 3918 356 3981 prot.
384 3917 505 3974 mn
527 3921 555 3970 in
582 3918 815 3976 &ammone
846 3923 976 3976 &tonus
1000 3929 1097 3987 (supro
1123 3939 1148 3988 p.
1169 3923 1213 3980 w.
1229 3927 1284 3978 lem

285 4013 381 4076 nimia)
398 4029 424 4076 p.
443 4013 540 4068 2-12.
1078 4063 1081 4070 r

240 4103 271 4170 ι)
292 4105 317 4156 r.
339 4105 369 4158 0.
389 4108 583 4178 1.x1,a,on·
619 4111 690 4168 vus
707 4110 788 4168 mon
804 4113 859 4168 ruet
877 4113 992 4172 nomn
1008 4116 1078 4172 nn
1094 4115 1145 4182 up.
1158 4118 1202 4171 14.
1218 4131 1283 4172 mox

285 4201 422 4263 unm.
526 4241 527 4248 ,

236 4297 268 4368 2)
288 4299 412 4354 waima.
431 4301 673 4371 Ian7P1000l12.
