3140 5076
700 225 949 302 ..nq-

276 419 464 486 -Diceret
493 420 549 488 sed
576 421 660 504 ipse,
696 422 824 500 vetlem,
856 422 965 486 rhetor
998 420 1059 486 hoc
1081 421 1131 485 mi.
1157 460 1195 473 -
1221 423 1288 490 Nou
1310 439 1369 504 po-

754 538 822 593 test.
847 567 888 580 -

489 641 573 718 Gur?
595 643 661 721 ipse
681 640 788 703 rhetor
811 647 858 704 est
883 641 985 722 imago
1008 641 1161 724 imaginis.

286 803 291 814 .
320 804 325 814 .
374 749 540 814 Rhetorom
551 750 726 814 Latinorum
748 750 844 812 ultimi
866 750 1012 830 temporis
1026 750 1174 830 quosdam
1188 749 1285 814 libros
1306 751 1371 831 pri-

277 877 356 922 mum
379 877 396 920 a
418 858 545 921 Pithoeo
568 859 685 938 (1599)
711 858 810 922 editos
841 859 1056 939 possidemus,
1080 859 1222 922 ariditate
1245 859 1368 922 techni-

278 984 382 1031 oarum
414 967 607 1050 regularum,
641 975 671 1031 et
694 968 812 1032 erudita
846 968 961 1050 ingenii
985 975 1161 1048 paupertate
1193 975 1370 1032 maceries:

278 1094 350 1140 ossa
373 1077 519 1154 crederes
544 1097 583 1141 ex
606 1078 800 1158 eloquentiae
822 1077 935 1140 tumulo
956 1084 1087 1151 erutae.

373 1187 463 1251 Falso
499 1187 650 1252 affirmant
671 1187 854 1269 doeringius
871 1192 900 1264 2)
932 1192 963 1250 et
989 1185 1196 1249 Gotboircdus
1212 1188 1240 1264 ³)
1269 1183 1369 1248 nullos

275 1313 403 1375 prorsus
427 1297 551 1360 aliarum
576 1296 804 1377 disciplinarum
825 1294 1019 1376 professores
1041 1295 1195 1360 exstitisse
1222 1295 1254 1356 in
1274 1294 1372 1358 scho-

276 1405 314 1468 lis
339 1405 552 1479 Galliarumtt.
597 1407 657 1470 iam
681 1406 761 1468 enim
783 1404 895 1485 (pitbt
919 1424 936 1468 e
955 1404 1031 1467 iulio
1054 1391 1227 1484 Capitolino
1247 1403 1371 1467 audivi-

276 1531 343 1576 mus
366 1513 554 1576 Antoninum
577 1513 659 1575 Pium
683 1531 745 1576 non
767 1513 941 1576 rhetoribus
963 1519 1077 1577 tantum
1106 1513 1160 1576 sed
1181 1511 1371 1592 pbilosopbie

275 1638 397 1702 quoque
414 1639 473 1702 por
486 1639 588 1684 omnes
597 1621 779 1699 procinctos
801 1622 936 1684 honores
955 1626 986 1682 et
1007 1621 1118 1686 salaria
1140 1619 1296 1684 detulisse.
1324 1620 1370 1683 De

276 1731 386 1794 eodem
402 1732 542 1813 principe
556 1750 653 1817 agens
663 1732 853 1795 Modestinus
864 1736 891 1807 ⁵)
912 1747 969 1792 nos
988 1729 1080 1794 docet
1094 1730 1205 1810 Loquor
1220 1731 1368 1808 doctores,

276 1841 308 1901 io
324 1841 425 1920 aliquo
441 1841 624 1921 praesidatu
636 1859 691 1902 seu
705 1839 872 1920 procincto
890 1838 1041 1918 docentes,
1060 1840 1277 1903 remissionem
1292 1855 1371 1902 one-

275 1967 342 2012 rum
365 1950 555 2030 publicorum
577 1968 639 2013 non
663 1949 826 2025 babuisse3
848 1950 963 2013 Romae
985 1954 1085 2012 eutem
1106 1949 1254 2013 docentes
1276 1949 1371 2011 fuisse

276 2077 293 2122 a
314 2059 406 2122 tutela
427 2065 458 2123 et
479 2078 553 2123 cura
574 2059 700 2123 liberos.
745 2057 846 2122 Variis
867 2057 1005 2121 scientiis
1027 2056 1158 2138 inclytos
1178 2057 1371 2138 professores

277 2169 482 2251 doctoresque
503 2168 617 2250 probos
639 2168 743 2232 laudat
762 2167 938 2248 Ausonius,

446 2296 581 2360 Historia
603 2296 631 2360 si
653 2313 731 2376 quos
750 2294 801 2357 vei
822 2294 961 2374 poeticus
987 2292 1092 2375 stylus,

599 2406 750 2469 Forumve
771 2403 845 2466 fecit
867 2401 1003 2466 nobiles:

443 2512 583 2578 Medicas
603 2511 654 2575 vel
678 2512 752 2575 artis
777 2511 900 2594 dogma,
923 2510 974 2574 uel
994 2510 1180 2575 Platonicum

604 2620 697 2683 Dedit
716 2620 843 2701 perenni
864 2618 984 2700 gloriae
998 2620 1038 2695 ⁶).

277 2741 359 2806 inter
379 2743 437 2806 hos
458 2743 653 2826 praecipuum
675 2745 776 2808 locum
792 2743 962 2808 obtinuisse
978 2743 1153 2825 Stopbpb'ue
1172 2744 1302 2823 videtur,
1325 2743 1373 2805 ei-

276 2851 323 2914 vis
344 2850 477 2916 Ausoius
505 2852 625 2932 (Aucti)
659 2853 691 2916 in
713 2854 968 2936 Novempopulis,
1001 2854 1053 2934 qui
1073 2855 1170 2934 primo
1192 2854 1225 2915 in
1246 2871 1301 2916 sua
1325 2852 1372 2914 ci-

276 2961 369 3024 vitate
392 2961 507 3040 docuit,
530 2964 745 3044 grammaticus
768 2964 807 3028 ad
825 2964 972 3029 Scaurum
986 2969 1024 3026 'et
1043 2962 1183 3040 Probum,
1206 2961 1372 3042 promptis-

276 3069 370 3132 simus
392 3070 507 3151 rhetor,
530 3061 825 3137 historiam'oabens
846 3073 924 3136 Livii
950 3079 980 3137 et
1005 3072 1165 3152 Herodoti,
1193 3071 1291 3134 omnis
1313 3071 1372 3133 do-

278 3178 395 3241 ctrinae
415 3179 494 3242 ratio
518 3181 567 3242 cui
589 3183 730 3263 cognita,
756 3189 897 3263 quantam
922 3180 1075 3244 condebat
1096 3182 1251 3247 sexcentis
1272 3181 1371 3244 Varro

278 3286 492 3350 voluminibus.

286 3495 572 3506 ———-—-—·

331 3596 361 3663 1)
379 3593 490 3661 Antiqui
503 3595 621 3646 merom
638 3596 730 3648 battua·
746 3598 819 3649 orb.
829 3595 935 3649 Pittaci
951 3597 1011 3649 brot.
1030 3599 1098 3650 olc'm
1115 3598 1186 3652 editi.
1204 3610 1311 3664 mecca.
1324 3602 1373 3648 etc.

378 3690 474 3743 maed.
494 3692 720 3762 Caperoano'n'os,
739 3696 885 3759 Argentor.
904 3694 982 3746 1756.
1001 3697 1072 3748 ier-4.

331 3787 364 3855 9)
381 3787 423 3838 De
441 3787 561 3854 amimae.
582 3789 662 3840 acad.
680 3788 786 3840 disseri.
804 3792 827 3858 1,
844 3805 869 3853 p.
890 3789 931 3840 17.

333 3884 363 3946 a)
381 3883 425 3932 Ad
450 3887 611 3949 rescriptum
638 3886 762 3936 Gratiani
788 3887 852 3936 anni
880 3885 932 3936 ³76
957 3890 985 3938 in
1008 3886 1074 3938 God.
1099 3889 1231 3939 bbeodos.
1262 3887 1280 3938 i.
1300 3886 1375 3955 xlii,

380 3977 432 4027 mo.
450 3979 499 4046 lli,
518 3980 544 4040 s.
564 3979 605 4030 11.

333 4071 363 4142 4)
384 4067 547 4136 doeringius
564 4076 591 4123 id
609 4076 642 4124 de
660 4076 760 4127 sobolis
778 4077 988 4140 provincialibus
1006 4079 1153 4142 ingerere
1171 4079 1297 4130 affirmat.

334 4167 415 4234 d)1o
434 4170 451 4216 o
468 4169 500 4218 Ι).
520 4168 553 4218 de
571 4169 795 4221 comssationibus.

331 4265 362 4328 θ)
380 4260 503 4328 meesr.
522 4264 621 4315 XXVI.
