3140 5076
622 257 870 331 ..69-

299 447 477 513 Notandum-
490 454 594 512 tamen
614 449 826 530 professorum
845 447 910 512 eius
932 445 1081 530 temporis
1099 445 1295 532 randoqnum

201 558 354 642 quoddam
374 577 473 642 genus
495 565 673 624 tutamenta
695 561 727 622 in
747 560 849 628 verbis
872 559 1004 624 deiixum
1026 558 1065 621 ad
1087 575 1139 622 res
1162 559 1295 622 animum

200 669 325 732 minime
346 669 519 748 attendens,
542 669 667 752 ,quales
690 669 800 732 multos
819 669 966 750 loquaces
990 677 1101 749 passus
1124 685 1231 748 aram,
1254 667 1297 732 ait

199 778 400 861 Augustinus,
423 785 571 842 conantes
594 796 630 844 ea
649 798 699 846 me
718 779 834 870 docere
859 785 889 841 at
907 777 1212 860 dieentepnihilhs
1238 777 1296 844 Hic

200 887 266 968 ipse
287 887 328 951 de
344 906 380 952 se
403 888 532 952 eandem
547 907 646 970 prope
659 889 814 955 levitatem
836 889 956 952 latetur.
1002 890 1101 964 Quum
1121 887 1297 968 praefectus

200 997 398 1078 Symmachus
434 981 628 1061 eum'aoma
648 997 857 1061 Mediolanum
882 997 1040 1077 misisset,
1074 1003 1108 1059 ut
1136 995 1180 1059 illi
1215 995 1296 1066 civi-

198 1106 252 1169 tati
281 1105 457 1176 rhetoricae
487 1107 636 1190 magister
657 1107 889 1188 provideretur,
924 1107 1009 1174 venit
1039 1107 1066 1170 is
1096 1105 1137 1190 ad
1158 1105 1296 1169 Ambro-

203 1214 280 1278 sium
304 1215 507 1296 episcopum,
543 1215 574 1276 in
609 1215 730 1296 optimis
758 1221 863 1278 notum
888 1214 956 1276 orbi
978 1220 1090 1277 terrae.
1134 1213 1297 1294 ,Studiose

201 1323 362 1386 audiebam
384 1323 588 1414 disputantem
610 1325 642 1396 in
662 1316 787 1405 populo,
811 1325 854 1388 ait
869 1299 1072 1406 Augustinus,
1095 1330 1157 1387 tum
1179 1323 1295 1404 rhetor,

200 1449 262 1494 non
286 1433 455 1496 intentione
478 1450 537 1514 qua
559 1434 668 1512 debui,
704 1435 760 1512 sed
784 1435 871 1516 quasi
903 1434 1067 1515 explorans
1096 1433 1163 1496 eius
1186 1433 1297 1497 lacun-

200 1541 281 1605 diam
303 1547 402 1606 utrum
426 1546 606 1607 conveniret
627 1531 732 1608 lamae
749 1561 845 1624 suae,
879 1563 917 1607 an
939 1544 1038 1622 maior
1059 1543 1199 1606 minorve
1220 1560 1296 1624 pro-

198 1649 307 1715 flueret
327 1670 416 1733 quam
439 1654 700 1733 praedicabatur,
730 1658 760 1714 et
781 1652 885 1716 verbis
916 1652 981 1737 eius
1009 1639 1223 1733 suspendebar
1243 1651 1296 1714 in-

199 1767 310 1824 tentus.
355 1763 468 1826 Rerum
495 1768 595 1842 autem
623 1761 797 1824 incuriosus
826 1767 856 1824 et
889 1767 1082 1843 contemptor
1104 1761 1239 1825 astabam
1265 1767 1295 1824 et

199 1869 380 1934 delectabar
399 1870 549 1933 suavitate
569 1848 723 1933 sermonis
736 1875 795 1947 ²).“
1167 1937 1170 1940 ,
1209 1854 1212 1858 ’

297 1981 342 2044 Ea
364 1986 464 2042 aetate
485 1979 586 2066 fivulgo
610 1981 753 2043 iactatum
775 1979 893 2043 litteras
916 1978 1039 2044 Latinas
1060 1981 1200 2060 Romae,
1234 1993 1296 2043 non

199 2088 282 2169 alibi,
306 2088 522 2168 addiscendas,
546 2107 624 2170 quae
650 2089 801 2153 sententia
823 2067 984 2152 Ciceronis
1008 2096 1145 2170 tempore
1164 2107 1297 2170 praeva-

197 2198 296 2262 luerat
318 2202 357 2274 3).
418 2198 621 2263 Nihilominus
653 2197 812 2282 peregrini
836 2215 961 2280 quoque
991 2194 1129 2283 magistri
1157 2199 1189 2260 in
1218 2197 1296 2264 urbe

195 2307 293 2374 Roma
311 2308 498 2372 rhetoricam
521 2310 642 2391 publice
658 2309 800 2392 professi
823 2315 908 2374 sunt:
932 2309 1013 2372 inter
1033 2309 1091 2372 hos
1107 2307 1186 2372 Galli
1207 2325 1296 2382 ecm-

196 2417 299 2500 plures
323 2417 485 2499 doctrina,
510 2420 663 2503 ingenio,
682 2419 857 2501 eloquentia
879 2419 1000 2495 laudem
1024 2423 1210 2482 meruerunt.

299 2527 413 2594 Eorum
441 2530 589 2610 quosdam
621 2529 753 2613 exempli
791 2549 885 2595 eausa
914 2529 1151 2594 nominabimus.
1192 2525 1295 2590 Attius

196 2637 309 2701 Patere
328 2638 505 2710 Baiocassis
530 2642 686 2723 (Bayeux)
719 2641 815 2723 stirpe
836 2638 1020 2705 Druidarum
1041 2646 1152 2719 natus,
1180 2638 1295 2702 Burdi-

198 2747 289 2826 galae
311 2764 429 2809 morum
451 2755 482 2810 et
502 2749 619 2829 ingenii
641 2750 752 2812 lamam
773 2749 911 2831 adeptus,
934 2750 991 2812 sub
1004 2749 1095 2812 finem
1109 2749 1200 2831 regni
1212 2747 1297 2810 Gon-

199 2854 323 2916 stantini
344 2856 382 2917 Μ.
406 2854 510 2934 ,sandi
528 2851 713 2936 nobilisstp·
729 2859 836 2920 rhetor
855 2859 971 2922 Romae
991 2857 1217 2940 gloriosissime
1236 2856 1296 2920 do-

198 2962 260 3024 cuit
271 2967 308 3043 ⁵),
333 2969 363 3026 et
383 2981 401 3026 e
423 2979 550 3026 numero
573 2964 790 3044 discipulorum
814 2964 948 3028 illustres
968 2964 1045 3028 vidit
1066 2963 1200 3030 evadere
1222 2982 1297 3028 ora-

197 3079 291 3152 tores,
315 3072 396 3136 unde
407 3073 553 3160 Ausonio
570 3073 682 3137 dicitur
704 3073 832 3156 „doctor
847 3080 1002 3156 potantum
1020 3075 1205 3139 rhetorum.“
1226 3075 1295 3139 Non

196 3183 238 3245 ita
263 3181 355 3245 multo
376 3188 469 3264 post,
489 3179 594 3248 medio
616 3183 721 3248 seculo
743 3184 806 3263 lv,
830 3181 968 3246 Tiberias
995 3181 1094 3246 Victor
1113 3181 1292 3262 Minerviae,

198 3309 285 3376 quem
307 3297 415 3368 natura
439 3293 550 3357 eximia
574 3295 721 3372 memoria
744 3293 928 3376 donaverat,
966 3294 1100 3376 itemque
1127 3293 1294 3358 abundanti

251 3611 281 3682 1)
303 3613 423 3678 confer.
440 3615 477 3682 V,
496 3614 523 3667 7.

246 3707 277 3770 2]
297 3707 336 3757 lb.
357 3708 400 3758 ia.

249 3804 280 3866 s)
300 3803 334 3852 ln
353 3801 385 3864 Q.
408 3801 557 3854 caeciliam
573 3801 755 3868 Divinatioo.
776 3802 825 3855 18:
846 3804 897 3871 „ui
915 3804 1021 3866 optimis
1038 3816 1055 3854 a
1076 3803 1192 3867 pueritia
1209 3804 1293 3854 disol-

294 3897 373 3962 plinis
392 3901 471 3962 atque
491 3900 592 3950 artihm
609 3900 760 3949 studuisses
778 3901 859 3962 atque
879 3901 908 3947 in
927 3899 967 3948 his
986 3898 1178 3966 elaborasses,
1203 3901 1229 3950 si
1245 3900 1292 3950 lli·

295 3996 370 4046 teras
390 3995 512 4046 Graecas
529 3996 643 4046 Athenis
661 4006 722 4065 ‚non
739 3995 890 4065 Lilybaei,
914 3994 1029 4048 Latiam
1045 3996 1171 4064 Romae,
1189 4002 1245 4048 non
1264 3998 1293 4046 ln

296 4091 391 4142 sicilia
409 4092 571 4143 emensas«
589 4094 618 4144 et
637 4106 662 4158 q.
681 4106 704 4142 s.
1165 4069 1171 4080 '

248 4188 280 4254 4)
297 4186 400 4240 Aeson.
420 4186 543 4254 Proteos.
565 4189 613 4240 IV.
646 4251 651 4258 .

247 4286 278 4355 11)
298 4283 409 4340 Hieron.
430 4285 525 4340 cama
543 4284 562 4336 l.
582 4285 618 4356 11,
636 4285 671 4337 ad
687 4285 740 4337 An.
759 4285 822 4338 880.
