3140 5076
708 282 956 354 ...52-

284 489 437 554 nunquam
456 471 637 553 suspiceret,
657 478 687 536 et
706 472 859 538 hostilitas
879 474 1057 554 quae-inter
1075 472 1264 552 imperialem
1282 474 1387 539 domi-

285 583 439 646 nationem
460 588 490 644 et
512 580 650 644 scholam
674 581 774 644 fuerat
794 583 935 662 paulatim
959 582 1115 645 desineret
1131 590 1168 660 ¹).

389 693 568 755 Litterarum
592 692 726 755 instituta
749 693 887 754 auctiora
911 711 947 754 ac
970 692 1097 755 meliora
1121 692 1261 756 fecerunt
1283 694 1386 775 lmpe-

284 795 615 881 ratores'sequentes,
649 800 717 862 dum
740 801 942 864 inducentes
965 818 1045 863 nova
1071 801 1266 864 contulerunt
1284 803 1384 866 hene-

283 912 372 974 facta.
428 911 494 984 Quo
530 911 627 991 magis
666 909 832 973 litterarum
871 915 1014 972 senectus
1052 910 1305 994 ingravesceret,
1345 929 1383 974 eo

284 1022 386 1083 acrius
408 1019 602 1103 languentem
624 1019 715 1080 vitam
738 1018 866 1080 stimulis
885 1019 1106 1081 excitaverunt.
1152 1019 1383 1082 Professorihus

285 1129 375 1190 etiam
416 1127 587 1190 immunitas
619 1127 802 1189 tributorum
835 1134 865 1188 et
898 1143 1055 1190 munerum
1086 1128 1293 1208 personalium
1312 1128 1381 1191 data

282 1237 348 1314 fuit,
372 1255 460 1317 quam
482 1237 612 1299 firmavit
633 1236 806 1300 Hadrianus
827 1236 903 1300 inito
923 1238 1022 1299 statim
1042 1237 1215 1316 principatu
1227 1243 1256 1312 2)
1275 1238 1380 1313 (117).

283 1345 501 1408 Constantinus
524 1346 672 1426 Magnus,
699 1363 779 1407 anno
801 1345 836 1407 li.
859 1346 889 1409 S.
913 1344 985 1423 321,
1010 1346 1202 1408 confirmavit
1225 1364 1381 1429 gramma-

282 1455 351 1517 ticis
375 1460 405 1517 et
426 1426 655 1534 professoribus
688 1454 755 1518 aliis
776 1453 946 1516 litterarum
972 1454 1166 1518 immunitatis
1188 1455 1380 1536 privilegium

282 1563 319 1626 ab
344 1563 428 1624 omni
450 1563 607 1624 functione
626 1568 656 1624 et
677 1563 715 1624 ab
732 1563 871 1624 omnibus
894 1563 1068 1625 muneribus
1092 1563 1232 1626 civilibus
1252 1562 1301 1626 vel
1322 1580 1380 1644 pu-

281 1672 381 1734 blicis.
425 1672 586 1734 Praeterea
607 1671 759 1734 honorum
782 1673 812 1733 in
836 1672 1009 1734 civitatibus
1032 1672 1095 1734 suis
1118 1672 1376 1752 capessendorum

281 1779 455 1844 facultatem
476 1780 598 1856 tribuit3
625 1781 667 1844 ita
688 1787 721 1842 ut
742 1781 917 1859 Duumviri,
941 1768 1217 1862 Gymnasiorchae‚
1240 1781 1378 1858 Aediles,

281 1889 483 1967 Sacerdotes,
502 1889 663 1967 Flammas,
688 1891 795 1972 Legati
818 1891 917 1952 creari
938 1899 1083 1970 possent:
1112 1908 1181 1952 nam
1205 1890 1277 1970 quid
1300 1891 1380 1952 int'er

280 2017 406 2061 munera
445 2004 477 2059 ct
496 1996 632 2060 honores
667 1999 788 2061 intersit
823 1999 1024 2062 notissimum,
1077 1999 1189 2060 Eorum
1218 2004 1380 2078 praeterea

280 2125 435 2190 personas
458 2107 544 2187 quasi
567 2114 689 2170 sanctas
720 2106 855 2170 reddidit
882 2126 900 2169 a
927 2107 1011 2188 vulgi
1038 2107 1253 2169 vexationibus
1276 2106 1380 2168 vindi-

280 2234 365 2280 cans.
411 2217 572 2295 Tandem,
607 2235 697 2298 quum
733 2217 844 2279 salaria
868 2234 946 2296 quae
979 2215 1118 2278 civitates
1150 2215 1379 2295 professoribus

279 2331 439 2405 praestare
461 2323 627 2403 debebant,
649 2325 800 2388 interdum
817 2324 969 2405 denegata
986 2324 1082 2386 fuisse
1103 2323 1275 2403 videantur,
1297 2341 1381 2385 nun-

280 2452 369 2515 quam
394 2433 554 2496 deficiente
585 2439 770 2514 praetextu,
798 2434 1014 2498 Constantinus
1041 2452 1076 2496 ea
1099 2433 1188 2495 iussit
1217 2432 1305 2494 reddi
1327 2433 1378 2496 vel

278 2543 429 2623 praestari
445 2546 483 2622 ³).
526 2543 609 2605 ldem
629 2544 797 2623 imperator
817 2543 908 2606 Anno
930 2543 1002 2621 333,
1028 2555 1162 2624 sequeus
1181 2541 1300 2606 addidit
1321 2541 1381 2605 de-

280 2657 405 2714 cretum.

290 2801 565 2814 ..mn—u*-

334 2870 366 2933 1)
389 2869 431 2920 W
450 2869 500 2922 Act.
522 2867 644 2920 Schmidt
659 2869 810 2920 aar-444.

330 2967 361 3032 2)
381 2964 583 3029 liuttefredin
602 2965 668 3015 cod.
690 2966 795 3032 Theou,
809 2966 840 3014 L.
859 2964 933 3030 xiil,
954 2965 1005 3012 rit.
1024 2964 1062 3012 lll
1081 2963 1107 3024 s.
1126 2964 1147 3012 l.

329 3065 360 3124 3)
381 3063 431 3111 llic
449 3065 508 3124 ipsa
525 3063 594 3126 legis
612 3063 711 3112 verba:
733 3062 771 3128 „l.
792 3061 857 3122 imp.
868 3059 1061 3110 constantinus
1080 3060 1112 3108 A.
1134 3059 1169 3108 ad
1186 3058 1376 3108 Volusianum.

375 3159 529 3224 „Medicos,
548 3159 745 3206 Grammaticos
763 3161 791 3206 et
808 3157 984 3205 Professores
1007 3155 1092 3220 alios,
1114 3154 1261 3204 litterarum
1282 3156 1380 3202 immri-

381 3265 430 3301 nes
459 3265 520 3302 esse
539 3265 598 3302 cum
617 3255 698 3303 rebus
717 3265 784 3315 quas
812 3255 839 3300 in
861 3252 1014 3301 civitatibus
1038 3253 1094 3299 suis
1114 3252 1253 3312 possident
1270 3251 1381 3314 praeci-

380 3351 485 3409 pimus:
513 3350 541 3397 et
561 3348 708 3397 honoribus
727 3349 820 3412 frangi:
850 3349 877 3395 in
896 3350 938 3396 ius
957 3349 1038 3395 etiam
1056 3350 1152 3396 vocari
1170 3358 1240 3413 eos,
1260 3347 1305 3396 vel
1325 3347 1381 3410 pati

382 3445 504 3492 iniuriam
524 3445 713 3506 prohibemus:
733 3444 771 3492 lta
795 3446 824 3492 ut
841 3445 866 3492 st
884 3445 942 3506 quis
960 3454 1010 3493 eos
1029 3445 1181 3509 vexaverit,
1202 3445 1309 3493 centum
1325 3445 1380 3491 mt-

375 3529 599 3611 lta'nummorum
616 3541 723 3590 aerario
745 3540 863 3606 inierat,
893 3551 909 3588 a
928 3539 1131 3602 magistratibus
1159 3538 1203 3588 vel
1222 3537 1380 3602 erluqueu-

376 3635 482 3686 natibus
503 3639 625 3704 exactus,
643 3647 678 3686 ne
697 3637 748 3698 ipsi
766 3635 835 3686 hauc
855 3645 969 3698 poenam
987 3636 1146 3686 sustineant.
1176 3636 1277 3684 servos
1296 3637 1381 3684 cisat

283 3751 285 3760 ¹
375 3736 497 3784 infamiam
514 3735 619 3799 iecerit,
637 3731 753 3798 flagellis
772 3713 870 3784 debeat
888 3743 905 3782 a
923 3742 975 3782 suo
998 3733 1106 3780 domino
1124 3731 1264 3782 verberari
1284 3741 1377 3782 coram

376 3840 410 3879 eo
429 3832 474 3879 cui
493 3830 590 3880 fecerit
608 3831 745 3878 iniuriam:
769 3827 814 3878 vel
831 3829 856 3876 si
873 3828 995 3877 dominus
1016 3829 1173 3894 consensit,
1194 3828 1289 3890 viginti
1304 3825 1379 3877 milia

273 3973 277 3986 ,
374 3937 541 3990 nummorum
559 3925 626 3975 fisco
646 3925 759 3975 inferat:
778 3934 860 3974 servo
877 3933 926 3986 pro
945 3926 1068 3991 pignore,
1087 3923 1173 3972 donec
1191 3933 1295 3971 summu
1309 3923 1377 3971 haec

376 4020 536 4086 exsolvitur,
555 4022 705 4070 retinendo.
754 4020 895 4070 Mercedes
915 4019 996 4068 etiam
1016 4030 1110 4068 eorum
1136 4021 1164 4068 et
1180 4017 1282 4068 salario
1301 4017 1377 4066 reddi

375 4118 562 4179 praecipimus.
612 4114 744 4174 Quoniam
774 4116 943 4179 gravissimis
968 4114 1143 4177 dignitatibus
1167 4112 1211 4163 vel
1238 4113 1377 4176 parentes,

376 4213 420 4262 vel
438 4212 556 4277 domini,
580 4211 625 4261 vel
645 4215 747 4261 tutores
775 4191 910 4260 essenon
929 4211 1040 4276 debent,
1066 4209 1142 4274 fungi
1159 4220 1208 4260 eos
1221 4207 1377 4259 honor-ihus

376 4309 498 4362 volentes
517 4309 702 4375 permittimus,
725 4308 825 4357 invitos
844 4316 900 4356 uon
917 4308 1071 4370 cogimus«
