<?xml version="1.0" encoding="UTF-8"?>
<!DOCTYPE html PUBLIC "-//W3C//DTD XHTML 1.0 Transitional//EN"
    "http://www.w3.org/TR/xhtml1/DTD/xhtml1-transitional.dtd">
<html xmlns="http://www.w3.org/1999/xhtml" xml:lang="en" lang="en">
 <head>
  <title>
</title>
<meta http-equiv="Content-Type" content="text/html;charset=utf-8" />
  <meta name='ocr-system' content='tesseract 3.04.00' />
  <meta name='ocr-capabilities' content='ocr_page ocr_carea ocr_par ocr_line ocrx_word'/>
</head>
<body>
  <div class='ocr_page' id='page_1' title='image "./degallorumorato00monngoog_0064.png"; bbox 0 0 3140 5076; ppageno 0'>
   <div class='ocr_carea' id='block_1_1' title="bbox 625 257 870 326">
    <p class='ocr_par' dir='ltr' id='par_1_1' title="bbox 625 257 870 326">
     <span class='ocr_line' id='line_1_1' title="bbox 625 257 870 326; baseline 0.004 -22"><span class='ocrx_word' id='word_1_1' title='bbox 625 257 870 326; x_wconf 77' lang='lat'>..57-</span> 
     </span>
    </p>
   </div>
   <div class='ocr_carea' id='block_1_2' title="bbox 203 444 1299 1181">
    <p class='ocr_par' dir='ltr' id='par_1_2' title="bbox 203 444 1299 1181">
     <span class='ocr_line' id='line_1_2' title="bbox 328 444 1251 524; baseline 0.003 -16"><span class='ocrx_word' id='word_1_2' title='bbox 328 444 383 508; x_wconf 82' lang='lat' dir='ltr'><strong>Cui</strong></span> <span class='ocrx_word' id='word_1_3' title='bbox 406 444 478 508; x_wconf 81' lang='lat' dir='ltr'><strong>felle</strong></span> <span class='ocrx_word' id='word_1_4' title='bbox 499 444 594 523; x_wconf 93' lang='lat' dir='ltr'><strong>nullo,</strong></span> <span class='ocrx_word' id='word_1_5' title='bbox 615 444 706 510; x_wconf 88' lang='lat' dir='ltr'><strong>melle</strong></span> <span class='ocrx_word' id='word_1_6' title='bbox 727 444 820 508; x_wconf 90' lang='lat' dir='ltr'><strong>multo</strong></span> <span class='ocrx_word' id='word_1_7' title='bbox 843 463 930 510; x_wconf 90' lang='lat' dir='ltr'><strong>mens</strong></span> <span class='ocrx_word' id='word_1_8' title='bbox 956 446 1124 524; x_wconf 78' lang='lat' dir='ltr'><strong>madens1)</strong></span> <span class='ocrx_word' id='word_1_9' title='bbox 1149 494 1155 509; x_wconf 95' lang='grc'><em>.</em></span> <span class='ocrx_word' id='word_1_10' title='bbox 1180 494 1187 510; x_wconf 89' lang='lat'><strong>.</strong></span> <span class='ocrx_word' id='word_1_11' title='bbox 1212 496 1219 509; x_wconf 94' lang='lat'>.</span> <span class='ocrx_word' id='word_1_12' title='bbox 1244 495 1251 511; x_wconf 91' lang='lat'><strong>.</strong></span> 
     </span>
     <span class='ocr_line' id='line_1_3' title="bbox 327 552 1089 636; baseline 0.003 -20"><span class='ocrx_word' id='word_1_13' title='bbox 327 552 499 630; x_wconf 76' lang='lat' dir='ltr'><strong>Facundus,</strong></span> <span class='ocrx_word' id='word_1_14' title='bbox 522 552 596 615; x_wconf 92' lang='lat' dir='ltr'><strong>nulli</strong></span> <span class='ocrx_word' id='word_1_15' title='bbox 616 554 772 616; x_wconf 76' lang='lat' dir='ltr'>rhetorum</span> <span class='ocrx_word' id='word_1_16' title='bbox 795 553 910 617; x_wconf 81' lang='lat' dir='ltr'><strong>cedens</strong></span> <span class='ocrx_word' id='word_1_17' title='bbox 931 555 1022 636; x_wconf 84' lang='lat' dir='ltr'><strong>stylo,</strong></span> <span class='ocrx_word' id='word_1_18' title='bbox 1083 591 1089 602; x_wconf 50' lang='grc' dir='ltr'>ν</span> 
     </span>
     <span class='ocr_line' id='line_1_4' title="bbox 328 662 976 743; baseline 0 -19"><span class='ocrx_word' id='word_1_19' title='bbox 328 662 366 724; x_wconf 86' lang='lat' dir='ltr'><strong>Et</strong></span> <span class='ocrx_word' id='word_1_20' title='bbox 388 662 558 743; x_wconf 75' lang='lat' dir='ltr'><strong>disputator</strong></span> <span class='ocrx_word' id='word_1_21' title='bbox 580 662 618 725; x_wconf 91' lang='lat' dir='ltr'><strong>ad</strong></span> <span class='ocrx_word' id='word_1_22' title='bbox 642 662 809 740; x_wconf 75' lang='lat' dir='ltr'><strong>Cleanthen</strong></span> <span class='ocrx_word' id='word_1_23' title='bbox 832 662 976 742; x_wconf 82' lang='lat' dir='ltr'><strong>Stoicon3</strong></span> 
     </span>
     <span class='ocr_line' id='line_1_5' title="bbox 331 770 1181 852; baseline 0 -20"><span class='ocrx_word' id='word_1_24' title='bbox 331 770 489 849; x_wconf 78' lang='lat' dir='ltr'><strong>Scaurum,</strong></span> <span class='ocrx_word' id='word_1_25' title='bbox 509 770 701 852; x_wconf 83' lang='lat' dir='ltr'><strong>Probumque</strong></span> <span class='ocrx_word' id='word_1_26' title='bbox 723 770 818 833; x_wconf 89' lang='lat' dir='ltr'><strong>corde</strong></span> <span class='ocrx_word' id='word_1_27' title='bbox 842 770 958 834; x_wconf 84' lang='lat' dir='ltr'><strong>callens</strong></span> <span class='ocrx_word' id='word_1_28' title='bbox 980 771 1086 835; x_wconf 87' lang='lat' dir='ltr'><strong>intimo</strong></span> <span class='ocrx_word' id='word_1_29' title='bbox 1110 819 1118 834; x_wconf 88' lang='lat'><strong>.</strong></span> <span class='ocrx_word' id='word_1_30' title='bbox 1142 819 1150 834; x_wconf 88' lang='lat'><strong>.</strong></span> <span class='ocrx_word' id='word_1_31' title='bbox 1174 817 1181 832; x_wconf 93' lang='lat'><strong>.</strong></span> 
     </span>
     <span class='ocr_line' id='line_1_6' title="bbox 329 879 975 963; baseline 0.003 -23"><span class='ocrx_word' id='word_1_32' title='bbox 329 879 455 942; x_wconf 88' lang='lat' dir='ltr'><strong>Honore</strong></span> <span class='ocrx_word' id='word_1_33' title='bbox 476 880 557 963; x_wconf 86' lang='lat' dir='ltr'><strong>gesti</strong></span> <span class='ocrx_word' id='word_1_34' title='bbox 579 879 771 960; x_wconf 80' lang='lat' dir='ltr'><strong>praesidatus</strong></span> <span class='ocrx_word' id='word_1_35' title='bbox 797 879 927 962; x_wconf 86' lang='lat' dir='ltr'><strong>inclytus</strong></span> <span class='ocrx_word' id='word_1_36' title='bbox 935 887 975 959; x_wconf 85' lang='lat'><strong>²).</strong></span> 
     </span>
     <span class='ocr_line' id='line_1_7' title="bbox 207 986 1298 1083; baseline 0.005 -33"><span class='ocrx_word' id='word_1_37' title='bbox 207 986 349 1066; x_wconf 79' lang='lat' dir='ltr'><strong>Urbicus,</strong></span> <span class='ocrx_word' id='word_1_38' title='bbox 374 988 475 1076; x_wconf 75' lang='lat' dir='ltr'><strong>Graiis</strong></span> <span class='ocrx_word' id='word_1_39' title='bbox 497 989 604 1053; x_wconf 92' lang='lat' dir='ltr'><strong>litteris</strong></span> <span class='ocrx_word' id='word_1_40' title='bbox 628 990 780 1083; x_wconf 82' lang='lat' dir='ltr'><strong>celebris,</strong></span> <span class='ocrx_word' id='word_1_41' title='bbox 804 992 919 1072; x_wconf 85' lang='lat' dir='ltr'><strong>insigni</strong></span> <span class='ocrx_word' id='word_1_42' title='bbox 940 991 1012 1053; x_wconf 87' lang='lat' dir='ltr'><strong>dote</strong></span> <span class='ocrx_word' id='word_1_43' title='bbox 1032 990 1208 1072; x_wconf 88' lang='lat' dir='ltr'><strong>praeditus,</strong></span> <span class='ocrx_word' id='word_1_44' title='bbox 1231 993 1298 1056; x_wconf 91' lang='lat' dir='ltr'><strong>sive</strong></span> 
     </span>
     <span class='ocr_line' id='line_1_8' title="bbox 203 1096 1299 1181; baseline 0.006 -22"><span class='ocrx_word' id='word_1_45' title='bbox 203 1096 452 1161; x_wconf 88' lang='lat' dir='ltr'><strong>orationemsive</strong></span> <span class='ocrx_word' id='word_1_46' title='bbox 474 1117 582 1162; x_wconf 89' lang='lat' dir='ltr'><strong>versus</strong></span> <span class='ocrx_word' id='word_1_47' title='bbox 605 1100 692 1180; x_wconf 84' lang='lat' dir='ltr'><strong>quasi</strong></span> <span class='ocrx_word' id='word_1_48' title='bbox 708 1118 748 1162; x_wconf 88' lang='lat' dir='ltr'><strong>ex</strong></span> <span class='ocrx_word' id='word_1_49' title='bbox 761 1106 898 1181; x_wconf 89' lang='lat' dir='ltr'><strong>tempore</strong></span> <span class='ocrx_word' id='word_1_50' title='bbox 921 1099 1068 1167; x_wconf 80' lang='lat' dir='ltr'><strong>effudisse</strong></span> <span class='ocrx_word' id='word_1_51' title='bbox 1090 1101 1221 1165; x_wconf 88' lang='lat' dir='ltr'><strong>videtur.</strong></span> <span class='ocrx_word' id='word_1_52' title='bbox 1251 1102 1299 1166; x_wconf 83' lang='lat' dir='ltr'><strong>Ad</strong></span> 
     </span>
    </p>
   </div>
   <div class='ocr_carea' id='block_1_3' title="bbox 104 1206 629 1289">
    <p class='ocr_par' dir='ltr' id='par_1_3' title="bbox 104 1206 629 1289">
     <span class='ocr_line' id='line_1_9' title="bbox 104 1206 629 1289; baseline 0.004 -23"><span class='ocrx_word' id='word_1_53' title='bbox 104 1257 108 1266; x_wconf 92' lang='lat'>.</span> <span class='ocrx_word' id='word_1_54' title='bbox 203 1223 272 1268; x_wconf 91' lang='lat' dir='ltr'><strong>eum</strong></span> <span class='ocrx_word' id='word_1_55' title='bbox 295 1206 376 1270; x_wconf 88' lang='lat' dir='ltr'><strong>onim</strong></span> <span class='ocrx_word' id='word_1_56' title='bbox 397 1211 487 1289; x_wconf 68' lang='lat' dir='ltr'><strong>poeta</strong></span> <span class='ocrx_word' id='word_1_57' title='bbox 507 1213 629 1271; x_wconf 88' lang='lat' dir='ltr'><strong>nostor:</strong></span> 
     </span>
    </p>
   </div>
   <div class='ocr_carea' id='block_1_4' title="bbox 204 1316 1305 3468">
    <p class='ocr_par' dir='ltr' id='par_1_4' title="bbox 391 1316 1050 1940">
     <span class='ocr_line' id='line_1_10' title="bbox 402 1316 627 1380; baseline -0.009 0"><span class='ocrx_word' id='word_1_58' title='bbox 402 1316 477 1380; x_wconf 91' lang='lat' dir='ltr'><strong>Nam</strong></span> <span class='ocrx_word' id='word_1_59' title='bbox 499 1323 531 1379; x_wconf 91' lang='lat' dir='ltr'><strong>tu</strong></span> <span class='ocrx_word' id='word_1_60' title='bbox 554 1364 561 1378; x_wconf 94' lang='lat'><strong>.</strong></span> <span class='ocrx_word' id='word_1_61' title='bbox 585 1364 593 1379; x_wconf 88' lang='lat'><strong>.</strong></span> <span class='ocrx_word' id='word_1_62' title='bbox 620 1363 627 1378; x_wconf 93' lang='lat'><strong><em>.</em></strong></span> 
     </span>
     <span class='ocr_line' id='line_1_11' title="bbox 485 1425 997 1506; baseline -0.002 -18"><span class='ocrx_word' id='word_1_63' title='bbox 485 1425 578 1489; x_wconf 89' lang='lat' dir='ltr'><strong>Prosa</strong></span> <span class='ocrx_word' id='word_1_64' title='bbox 602 1425 726 1490; x_wconf 90' lang='lat' dir='ltr'><strong>solebas</strong></span> <span class='ocrx_word' id='word_1_65' title='bbox 747 1433 777 1488; x_wconf 90' lang='lat' dir='ltr'><strong>et</strong></span> <span class='ocrx_word' id='word_1_66' title='bbox 797 1444 890 1490; x_wconf 90' lang='lat' dir='ltr'><strong>versu</strong></span> <span class='ocrx_word' id='word_1_67' title='bbox 914 1426 997 1506; x_wconf 84' lang='lat' dir='ltr'><strong>loqui</strong></span> 
     </span>
     <span class='ocr_line' id='line_1_12' title="bbox 527 1533 777 1614; baseline 0.004 -19"><span class='ocrx_word' id='word_1_68' title='bbox 527 1533 640 1614; x_wconf 80' lang='lat' dir='ltr'><strong>impeta</strong></span> <span class='ocrx_word' id='word_1_69' title='bbox 665 1535 777 1613; x_wconf 86' lang='lat' dir='ltr'><strong>codem,</strong></span> 
     </span>
     <span class='ocr_line' id='line_1_13' title="bbox 391 1644 861 1708; baseline 0 -2"><span class='ocrx_word' id='word_1_70' title='bbox 391 1644 523 1708; x_wconf 88' lang='lat' dir='ltr'><strong>·Priscos</strong></span> <span class='ocrx_word' id='word_1_71' title='bbox 545 1649 578 1706; x_wconf 91' lang='lat' dir='ltr'><strong>ut</strong></span> <span class='ocrx_word' id='word_1_72' title='bbox 598 1645 628 1706; x_wconf 91' lang='lat' dir='ltr'><strong>et</strong></span> <span class='ocrx_word' id='word_1_73' title='bbox 649 1645 769 1708; x_wconf 86' lang='lat' dir='ltr'><strong>Hero‘e&#39;s</strong></span> <span class='ocrx_word' id='word_1_74' title='bbox 790 1644 861 1707; x_wconf 96' lang='lat' dir='ltr'><strong>olim</strong></span> 
     </span>
     <span class='ocr_line' id='line_1_14' title="bbox 488 1752 1050 1818; baseline 0.004 -2"><span class='ocrx_word' id='word_1_75' title='bbox 488 1752 630 1816; x_wconf 83' lang='lat' dir='ltr'><strong>Carmine</strong></span> <span class='ocrx_word' id='word_1_76' title='bbox 650 1754 774 1817; x_wconf 90' lang='lat' dir='ltr'><strong>Homeri</strong></span> <span class='ocrx_word' id='word_1_77' title='bbox 797 1760 1050 1818; x_wconf 90' lang='lat' dir='ltr'><strong>commemoratos</strong></span> 
     </span>
     <span class='ocr_line' id='line_1_15' title="bbox 531 1861 836 1940; baseline 0.01 -18"><span class='ocrx_word' id='word_1_78' title='bbox 531 1861 635 1924; x_wconf 80' lang='lat' dir='ltr'><strong>Fando</strong></span> <span class='ocrx_word' id='word_1_79' title='bbox 657 1863 793 1926; x_wconf 89' lang='lat' dir='ltr'><strong>rolerres</strong></span> <span class='ocrx_word' id='word_1_80' title='bbox 809 1866 836 1940; x_wconf 77' lang='grc'><strong>3)</strong></span> 
     </span>
    </p>

    <p class='ocr_par' dir='ltr' id='par_1_5' title="bbox 204 1969 1301 2272">
     <span class='ocr_line' id='line_1_16' title="bbox 204 1969 1274 2056; baseline 0.001 -23"><span class='ocrx_word' id='word_1_81' title='bbox 204 1969 292 2034; x_wconf 79' lang='lat' dir='ltr'><strong>Alios</strong></span> <span class='ocrx_word' id='word_1_82' title='bbox 316 1969 487 2051; x_wconf 81' lang='lat' dir='ltr'><strong>complures</strong></span> <span class='ocrx_word' id='word_1_83' title='bbox 511 1970 656 2034; x_wconf 91' lang='lat' dir='ltr'><strong>doctores</strong></span> <span class='ocrx_word' id='word_1_84' title='bbox 676 1971 772 2036; x_wconf 85' lang='lat' dir='ltr'><strong>luisse</strong></span> <span class='ocrx_word' id='word_1_85' title='bbox 795 1969 871 2033; x_wconf 93' lang='lat' dir='ltr'><strong>dicit</strong></span> <span class='ocrx_word' id='word_1_86' title='bbox 892 1970 971 2034; x_wconf 88' lang='lat' dir='ltr'><strong>idem</strong></span> <span class='ocrx_word' id='word_1_87' title='bbox 995 1975 1086 2052; x_wconf 76' lang='lat' dir='ltr'><strong>polita</strong></span> <span class='ocrx_word' id='word_1_88' title='bbox 1272 2049 1274 2056; x_wconf 18' lang='lat' dir='ltr'>y</span> 
     </span>
     <span class='ocr_line' id='line_1_17' title="bbox 306 2079 1243 2162; baseline 0 -20"><span class='ocrx_word' id='word_1_89' title='bbox 306 2079 503 2142; x_wconf 88' lang='lat' dir='ltr'><strong>Grammatici</strong></span> <span class='ocrx_word' id='word_1_90' title='bbox 522 2080 553 2140; x_wconf 93' lang='lat' dir='ltr'><strong>in</strong></span> <span class='ocrx_word' id='word_1_91' title='bbox 572 2079 684 2158; x_wconf 89' lang='lat' dir='ltr'><strong>studio,</strong></span> <span class='ocrx_word' id='word_1_92' title='bbox 706 2080 755 2141; x_wconf 87' lang='lat' dir='ltr'><strong>vel</strong></span> <span class='ocrx_word' id='word_1_93' title='bbox 773 2079 916 2159; x_wconf 90' lang='lat' dir='ltr'><strong>rhetoris,</strong></span> <span class='ocrx_word' id='word_1_94' title='bbox 941 2085 992 2141; x_wconf 86' lang='lat' dir='ltr'><strong>aut</strong></span> <span class='ocrx_word' id='word_1_95' title='bbox 1013 2080 1045 2141; x_wconf 93' lang='lat' dir='ltr'><strong>in</strong></span> <span class='ocrx_word' id='word_1_96' title='bbox 1066 2083 1243 2162; x_wconf 70' lang='lat' dir='ltr'><strong>utroquel).</strong></span> 
     </span>
     <span class='ocr_line' id='line_1_18' title="bbox 303 2188 1301 2272; baseline -0.002 -20"><span class='ocrx_word' id='word_1_97' title='bbox 303 2189 447 2272; x_wconf 79' lang='lat' dir='ltr'><strong>Egregiis</strong></span> <span class='ocrx_word' id='word_1_98' title='bbox 468 2189 677 2270; x_wconf 85' lang='lat' dir='ltr'><strong>grammaticis</strong></span> <span class='ocrx_word' id='word_1_99' title='bbox 698 2195 749 2252; x_wconf 89' lang='lat' dir='ltr'><strong>aut</strong></span> <span class='ocrx_word' id='word_1_100' title='bbox 768 2188 999 2267; x_wconf 88' lang='lat' dir='ltr'><strong>litteratoribus,</strong></span> <span class='ocrx_word' id='word_1_101' title='bbox 1020 2189 1063 2250; x_wconf 94' lang='lat' dir='ltr'><strong>uti</strong></span> <span class='ocrx_word' id='word_1_102' title='bbox 1083 2188 1176 2251; x_wconf 89' lang='lat' dir='ltr'><strong>hodic</strong></span> <span class='ocrx_word' id='word_1_103' title='bbox 1198 2189 1301 2270; x_wconf 93' lang='lat' dir='ltr'><strong>loqui-</strong></span> 
     </span>
    </p>

    <p class='ocr_par' dir='ltr' id='par_1_6' title="bbox 206 2296 1305 2378">
     <span class='ocr_line' id='line_1_19' title="bbox 206 2296 1305 2378; baseline 0.003 -19"><span class='ocrx_word' id='word_1_104' title='bbox 206 2314 295 2377; x_wconf 94' lang='lat' dir='ltr'><strong>mur,</strong></span> <span class='ocrx_word' id='word_1_105' title='bbox 330 2298 577 2362; x_wconf 87' lang='lat' dir='ltr'><strong>annumerandus</strong></span> <span class='ocrx_word' id='word_1_106' title='bbox 612 2297 816 2375; x_wconf 81' lang='lat' dir='ltr'><strong>Harmonias,</strong></span> <span class='ocrx_word' id='word_1_107' title='bbox 849 2296 900 2378; x_wconf 94' lang='lat' dir='ltr'><strong>qui</strong></span> <span class='ocrx_word' id='word_1_108' title='bbox 928 2297 959 2358; x_wconf 93' lang='lat' dir='ltr'><strong>in</strong></span> <span class='ocrx_word' id='word_1_109' title='bbox 981 2297 1176 2360; x_wconf 85' lang='lat' dir='ltr'><strong>Trevirorum</strong></span> <span class='ocrx_word' id='word_1_110' title='bbox 1198 2297 1305 2362; x_wconf 89' lang='lat' dir='ltr'><strong>schola</strong></span> 
     </span>
    </p>

    <p class='ocr_par' dir='ltr' id='par_1_7' title="bbox 205 2406 1305 2922">
     <span class='ocr_line' id='line_1_20' title="bbox 207 2406 1305 2488; baseline 0 -18"><span class='ocrx_word' id='word_1_111' title='bbox 207 2407 335 2486; x_wconf 90' lang='lat' dir='ltr'><strong>docens,</strong></span> <span class='ocrx_word' id='word_1_112' title='bbox 357 2407 489 2486; x_wconf 82' lang='lat' dir='ltr'><strong>Clarani,</strong></span> <span class='ocrx_word' id='word_1_113' title='bbox 512 2407 631 2488; x_wconf 84' lang='lat' dir='ltr'><strong>Scauri,</strong></span> <span class='ocrx_word' id='word_1_114' title='bbox 652 2407 756 2488; x_wconf 82' lang='lat' dir='ltr'><strong>Aspri‚</strong></span> <span class='ocrx_word' id='word_1_115' title='bbox 778 2406 921 2485; x_wconf 88' lang='lat' dir='ltr'><strong>Varonis,</strong></span> <span class='ocrx_word' id='word_1_116' title='bbox 946 2407 1171 2470; x_wconf 83' lang='lat' dir='ltr'><strong>Cratislamam</strong></span> <span class='ocrx_word' id='word_1_117' title='bbox 1188 2424 1305 2488; x_wconf 87' lang='lat' dir='ltr'><strong>aequa·</strong></span> 
     </span>
     <span class='ocr_line' id='line_1_21' title="bbox 205 2515 1036 2597; baseline -0.002 -17"><span class='ocrx_word' id='word_1_118' title='bbox 205 2516 267 2597; x_wconf 89' lang='lat' dir='ltr'><strong>vit,</strong></span> <span class='ocrx_word' id='word_1_119' title='bbox 293 2516 420 2581; x_wconf 86' lang='lat' dir='ltr'><strong>Graecis</strong></span> <span class='ocrx_word' id='word_1_120' title='bbox 442 2517 616 2597; x_wconf 86' lang='lat' dir='ltr'><strong>Latinisque</strong></span> <span class='ocrx_word' id='word_1_121' title='bbox 641 2523 671 2578; x_wconf 90' lang='lat' dir='ltr'><strong>et</strong></span> <span class='ocrx_word' id='word_1_122' title='bbox 692 2534 837 2580; x_wconf 90' lang='lat' dir='ltr'><strong>sermone</strong></span> <span class='ocrx_word' id='word_1_123' title='bbox 860 2523 890 2579; x_wconf 90' lang='lat' dir='ltr'><strong>et</strong></span> <span class='ocrx_word' id='word_1_124' title='bbox 911 2515 1036 2594; x_wconf 87' lang='lat' dir='ltr'><strong>litteris,</strong></span> 
     </span>
     <span class='ocr_line' id='line_1_22' title="bbox 331 2625 1155 2708; baseline -0.001 -20"><span class='ocrx_word' id='word_1_125' title='bbox 331 2625 450 2706; x_wconf 86' lang='lat' dir='ltr'><strong>Quique</strong></span> <span class='ocrx_word' id='word_1_126' title='bbox 479 2627 560 2689; x_wconf 89' lang='lat' dir='ltr'><strong>sacri</strong></span> <span class='ocrx_word' id='word_1_127' title='bbox 581 2625 717 2690; x_wconf 89' lang='lat' dir='ltr'><strong>lacerum</strong></span> <span class='ocrx_word' id='word_1_128' title='bbox 739 2625 865 2708; x_wconf 85' lang='lat' dir='ltr'><strong>collegit</strong></span> <span class='ocrx_word' id='word_1_129' title='bbox 885 2642 996 2706; x_wconf 89' lang='lat' dir='ltr'><strong>corpus</strong></span> <span class='ocrx_word' id='word_1_130' title='bbox 1019 2625 1155 2703; x_wconf 89' lang='lat' dir='ltr'><strong>Homeri,</strong></span> 
     </span>
     <span class='ocr_line' id='line_1_23' title="bbox 374 2733 1060 2815; baseline -0.004 -18"><span class='ocrx_word' id='word_1_131' title='bbox 374 2734 493 2814; x_wconf 86' lang='lat' dir='ltr'><strong>Quique</strong></span> <span class='ocrx_word' id='word_1_132' title='bbox 514 2741 603 2799; x_wconf 90' lang='lat' dir='ltr'><strong>notas</strong></span> <span class='ocrx_word' id='word_1_133' title='bbox 624 2735 736 2815; x_wconf 89' lang='lat' dir='ltr'><strong>spuriis</strong></span> <span class='ocrx_word' id='word_1_134' title='bbox 758 2736 899 2798; x_wconf 91' lang='lat' dir='ltr'><strong>versibus</strong></span> <span class='ocrx_word' id='word_1_135' title='bbox 920 2733 1060 2815; x_wconf 91' lang='lat' dir='ltr'><strong>apposuit</strong></span> 
     </span>
     <span class='ocr_line' id='line_1_24' title="bbox 332 2841 1293 2922; baseline -0.001 -19"><span class='ocrx_word' id='word_1_136' title='bbox 332 2841 501 2922; x_wconf 85' lang='lat' dir='ltr'><strong>Cecropiae</strong></span> <span class='ocrx_word' id='word_1_137' title='bbox 524 2857 683 2905; x_wconf 88' lang='lat' dir='ltr'><strong>commune</strong></span> <span class='ocrx_word' id='word_1_138' title='bbox 702 2842 808 2920; x_wconf 90' lang='lat' dir='ltr'><strong>decus,</strong></span> <span class='ocrx_word' id='word_1_139' title='bbox 830 2841 996 2921; x_wconf 87' lang='lat' dir='ltr'><strong>Latiaeque</strong></span> <span class='ocrx_word' id='word_1_140' title='bbox 1019 2857 1187 2903; x_wconf 87' lang='lat' dir='ltr'><strong>camoenae</strong></span> <span class='ocrx_word' id='word_1_141' title='bbox 1202 2845 1229 2916; x_wconf 80' lang='grc'><strong>5)</strong></span> <span class='ocrx_word' id='word_1_142' title='bbox 1289 2849 1293 2855; x_wconf 87' lang='grc'><em>“</em></span> 
     </span>
    </p>

    <p class='ocr_par' dir='ltr' id='par_1_8' title="bbox 208 2939 1303 3036">
     <span class='ocr_line' id='line_1_25' title="bbox 208 2939 1303 3036; baseline -0.001 -24"><span class='ocrx_word' id='word_1_143' title='bbox 208 2948 258 3012; x_wconf 89' lang='lat' dir='ltr'><strong>Sic</strong></span> <span class='ocrx_word' id='word_1_144' title='bbox 282 2948 457 3012; x_wconf 88' lang='lat' dir='ltr'><strong>Gallicanus</strong></span> <span class='ocrx_word' id='word_1_145' title='bbox 479 2951 711 3032; x_wconf 82' lang='lat' dir='ltr'><strong>grammaticus,</strong></span> <span class='ocrx_word' id='word_1_146' title='bbox 745 2939 886 3030; x_wconf 87' lang='lat' dir='ltr'><strong>neglecta</strong></span> <span class='ocrx_word' id='word_1_147' title='bbox 915 2953 1030 3011; x_wconf 85' lang='lat' dir='ltr'><strong>tumet</strong></span> <span class='ocrx_word' id='word_1_148' title='bbox 1051 2948 1303 3036; x_wconf 83' lang='lat' dir='ltr'><strong>laceraHomeri</strong></span> 
     </span>
    </p>

    <p class='ocr_par' dir='ltr' id='par_1_9' title="bbox 206 3057 1300 3148">
     <span class='ocr_line' id='line_1_26' title="bbox 206 3057 1300 3148; baseline -0.001 -26"><span class='ocrx_word' id='word_1_149' title='bbox 206 3062 347 3148; x_wconf 72' lang='lat' dir='ltr'><strong>poemata</strong></span> <span class='ocrx_word' id='word_1_150' title='bbox 370 3057 504 3142; x_wconf 77' lang='lat' dir='ltr'><strong>collegit,</strong></span> <span class='ocrx_word' id='word_1_151' title='bbox 529 3075 695 3139; x_wconf 91' lang='lat' dir='ltr'><strong>eorumque</strong></span> <span class='ocrx_word' id='word_1_152' title='bbox 717 3075 829 3139; x_wconf 91' lang='lat' dir='ltr'><strong>corpus</strong></span> <span class='ocrx_word' id='word_1_153' title='bbox 851 3057 953 3120; x_wconf 89' lang='lat' dir='ltr'><strong>denuo</strong></span> <span class='ocrx_word' id='word_1_154' title='bbox 974 3057 1139 3120; x_wconf 86' lang='lat' dir='ltr'><strong>constituit.</strong></span> <span class='ocrx_word' id='word_1_155' title='bbox 1164 3058 1300 3122; x_wconf 86' lang='lat' dir='ltr'><strong>Graecas</strong></span> 
     </span>
    </p>

    <p class='ocr_par' dir='ltr' id='par_1_10' title="bbox 207 3167 1304 3468">
     <span class='ocr_line' id='line_1_27' title="bbox 208 3167 1304 3248; baseline -0.001 -18"><span class='ocrx_word' id='word_1_156' title='bbox 208 3168 299 3232; x_wconf 89' lang='lat' dir='ltr'><strong>etiam</strong></span> <span class='ocrx_word' id='word_1_157' title='bbox 320 3167 448 3246; x_wconf 89' lang='lat' dir='ltr'><strong>litteras,</strong></span> <span class='ocrx_word' id='word_1_158' title='bbox 471 3185 533 3232; x_wconf 93' lang='lat' dir='ltr'><strong>non</strong></span> <span class='ocrx_word' id='word_1_159' title='bbox 556 3168 633 3248; x_wconf 92' lang='lat' dir='ltr'><strong>apud</strong></span> <span class='ocrx_word' id='word_1_160' title='bbox 647 3167 858 3232; x_wconf 88' lang='lat' dir='ltr'><strong>Massilienses</strong></span> <span class='ocrx_word' id='word_1_161' title='bbox 879 3172 1005 3246; x_wconf 90' lang='lat' dir='ltr'><strong>tantum,</strong></span> <span class='ocrx_word' id='word_1_162' title='bbox 1026 3183 1133 3230; x_wconf 86' lang='lat' dir='ltr'><strong>verum</strong></span> <span class='ocrx_word' id='word_1_163' title='bbox 1152 3173 1183 3229; x_wconf 91' lang='lat' dir='ltr'><strong>et</strong></span> <span class='ocrx_word' id='word_1_164' title='bbox 1201 3168 1233 3228; x_wconf 94' lang='lat' dir='ltr'><strong>in</strong></span> <span class='ocrx_word' id='word_1_165' title='bbox 1246 3185 1304 3240; x_wconf 59' lang='lat' dir='ltr'><strong>err,-</strong></span> 
     </span>
     <span class='ocr_line' id='line_1_28' title="bbox 207 3275 1303 3360; baseline 0.001 -21"><span class='ocrx_word' id='word_1_166' title='bbox 207 3283 304 3342; x_wconf 84' lang='lat' dir='ltr'><strong>tremo</strong></span> <span class='ocrx_word' id='word_1_167' title='bbox 328 3277 444 3342; x_wconf 88' lang='lat' dir='ltr'><strong>Galliae</strong></span> <span class='ocrx_word' id='word_1_168' title='bbox 466 3276 668 3341; x_wconf 88' lang='lat' dir='ltr'><strong>occidentalis</strong></span> <span class='ocrx_word' id='word_1_169' title='bbox 692 3294 757 3356; x_wconf 86' lang='lat' dir='ltr'><strong>ore,</strong></span> <span class='ocrx_word' id='word_1_170' title='bbox 780 3276 965 3360; x_wconf 88' lang='lat' dir='ltr'><strong>Burdigalae</strong></span> <span class='ocrx_word' id='word_1_171' title='bbox 988 3276 1117 3356; x_wconf 87' lang='lat' dir='ltr'><strong>aliisque</strong></span> <span class='ocrx_word' id='word_1_172' title='bbox 1137 3276 1169 3340; x_wconf 92' lang='lat' dir='ltr'><strong>in</strong></span> <span class='ocrx_word' id='word_1_173' title='bbox 1190 3275 1303 3348; x_wconf 85' lang='lat' dir='ltr'><strong>civita-</strong></span> 
     </span>
     <span class='ocr_line' id='line_1_29' title="bbox 209 3386 1139 3468; baseline -0.002 -18"><span class='ocrx_word' id='word_1_174' title='bbox 209 3387 289 3452; x_wconf 89' lang='lat' dir='ltr'><strong>tibus</strong></span> <span class='ocrx_word' id='word_1_175' title='bbox 308 3387 463 3452; x_wconf 89' lang='lat' dir='ltr'><strong>docebant</strong></span> <span class='ocrx_word' id='word_1_176' title='bbox 481 3387 673 3468; x_wconf 77' lang='lat' dir='ltr'><strong>grammatici</strong></span> <span class='ocrx_word' id='word_1_177' title='bbox 696 3387 816 3450; x_wconf 83' lang='lat' dir='ltr'><strong>Groeci.</strong></span> <span class='ocrx_word' id='word_1_178' title='bbox 859 3387 900 3450; x_wconf 83' lang='lat' dir='ltr'><strong>At</strong></span> <span class='ocrx_word' id='word_1_179' title='bbox 921 3386 1072 3450; x_wconf 89' lang='lat' dir='ltr'><strong>interdum</strong></span> <span class='ocrx_word' id='word_1_180' title='bbox 1094 3386 1139 3449; x_wconf 90' lang='lat' dir='ltr'><strong>eis</strong></span> 
     </span>
    </p>
   </div>
   <div class='ocr_carea' id='block_1_5' title="bbox 218 3579 487 3590">
    <p class='ocr_par' dir='ltr' id='par_1_11' title="bbox 218 3579 487 3590">
     <span class='ocr_line' id='line_1_30' title="bbox 218 3579 487 3590; baseline -0.004 -1"><span class='ocrx_word' id='word_1_181' title='bbox 218 3579 289 3590; x_wconf 57' lang='grc' dir='ltr'><strong>-υ</strong></span> <span class='ocrx_word' id='word_1_182' title='bbox 296 3579 335 3589; x_wconf 69' lang='grc' dir='ltr'><em>υ...</em></span> <span class='ocrx_word' id='word_1_183' title='bbox 343 3585 349 3588; x_wconf 98' lang='grc'><strong>..</strong></span> <span class='ocrx_word' id='word_1_184' title='bbox 358 3581 487 3590; x_wconf 45' lang='grc' dir='ltr'>..ὴ-...-</span> 
     </span>
    </p>
   </div>
   <div class='ocr_carea' id='block_1_6' title="bbox 262 3703 1308 3963">
    <p class='ocr_par' dir='ltr' id='par_1_12' title="bbox 262 3703 1308 3963">
     <span class='ocr_line' id='line_1_31' title="bbox 262 3703 1307 3770; baseline -0.002 -15"><span class='ocrx_word' id='word_1_185' title='bbox 262 3704 293 3770; x_wconf 87' lang='grc'><strong>1)</strong></span> <span class='ocrx_word' id='word_1_186' title='bbox 312 3705 435 3755; x_wconf 80' lang='lat' dir='ltr'><strong>Advorte</strong></span> <span class='ocrx_word' id='word_1_187' title='bbox 453 3707 634 3756; x_wconf 76' lang='lat' dir='ltr'><strong>consonantia</strong></span> <span class='ocrx_word' id='word_1_188' title='bbox 651 3706 737 3756; x_wconf 82' lang='lat' dir='ltr'><strong>verta</strong></span> <span class='ocrx_word' id='word_1_189' title='bbox 755 3703 821 3768; x_wconf 76' lang='lat' dir='ltr'><strong>fatte</strong></span> <span class='ocrx_word' id='word_1_190' title='bbox 838 3703 937 3770; x_wconf 80' lang='lat' dir='ltr'><strong>nollo,</strong></span> <span class='ocrx_word' id='word_1_191' title='bbox 957 3704 1038 3756; x_wconf 77' lang='lat' dir='ltr'><strong>mette</strong></span> <span class='ocrx_word' id='word_1_192' title='bbox 1056 3703 1161 3762; x_wconf 69' lang='lat' dir='ltr'><strong>mattos</strong></span> <span class='ocrx_word' id='word_1_193' title='bbox 1180 3704 1245 3754; x_wconf 79' lang='lat' dir='ltr'><strong>ltern</strong></span> <span class='ocrx_word' id='word_1_194' title='bbox 1265 3703 1307 3753; x_wconf 82' lang='lat' dir='ltr'><strong>al-</strong></span> 
     </span>
     <span class='ocr_line' id='line_1_32' title="bbox 306 3796 1308 3865; baseline 0 -17"><span class='ocrx_word' id='word_1_195' title='bbox 306 3799 498 3850; x_wconf 82' lang='lat' dir='ltr'><strong>lltteratlonem</strong></span> <span class='ocrx_word' id='word_1_196' title='bbox 515 3802 545 3849; x_wconf 87' lang='lat' dir='ltr'><strong>ut</strong></span> <span class='ocrx_word' id='word_1_197' title='bbox 561 3800 686 3850; x_wconf 82' lang='lat' dir='ltr'><strong>rhetores</strong></span> <span class='ocrx_word' id='word_1_198' title='bbox 708 3799 837 3850; x_wconf 77' lang='lat' dir='ltr'><strong>Germani</strong></span> <span class='ocrx_word' id='word_1_199' title='bbox 854 3801 972 3849; x_wconf 80' lang='lat' dir='ltr'><strong>vocant:</strong></span> <span class='ocrx_word' id='word_1_200' title='bbox 1002 3797 1103 3865; x_wconf 86' lang='lat' dir='ltr'><strong>mello,</strong></span> <span class='ocrx_word' id='word_1_201' title='bbox 1127 3796 1213 3848; x_wconf 80' lang='lat' dir='ltr'><strong>muto</strong></span> <span class='ocrx_word' id='word_1_202' title='bbox 1229 3807 1308 3849; x_wconf 82' lang='lat' dir='ltr'><strong>meus</strong></span> 
     </span>
     <span class='ocr_line' id='line_1_33' title="bbox 308 3885 1092 3963; baseline 0 -19"><span class='ocrx_word' id='word_1_203' title='bbox 308 3885 432 3963; x_wconf 79' lang='lat' dir='ltr'><strong>madeus,</strong></span> <span class='ocrx_word' id='word_1_204' title='bbox 452 3897 480 3945; x_wconf 89' lang='lat' dir='ltr'><strong>et</strong></span> <span class='ocrx_word' id='word_1_205' title='bbox 499 3895 612 3945; x_wconf 82' lang='lat' dir='ltr'><strong>lnlerius</strong></span> <span class='ocrx_word' id='word_1_206' title='bbox 629 3896 716 3959; x_wconf 77' lang='lat' dir='ltr'><strong>prote</strong></span> <span class='ocrx_word' id='word_1_207' title='bbox 734 3896 763 3946; x_wconf 88' lang='lat' dir='ltr'><strong>et</strong></span> <span class='ocrx_word' id='word_1_208' title='bbox 778 3896 886 3963; x_wconf 79' lang='lat' dir='ltr'><strong>pudica,</strong></span> <span class='ocrx_word' id='word_1_209' title='bbox 903 3905 997 3959; x_wconf 78' lang='lat' dir='ltr'><strong>parce.</strong></span> <span class='ocrx_word' id='word_1_210' title='bbox 1087 3895 1092 3900; x_wconf 90' lang='lat'>&#39;</span> 
     </span>
    </p>
   </div>
   <div class='ocr_carea' id='block_1_7' title="bbox 262 3989 759 4348">
    <p class='ocr_par' dir='ltr' id='par_1_13' title="bbox 263 3989 682 4056">
     <span class='ocr_line' id='line_1_34' title="bbox 263 3989 682 4056; baseline -0.005 -14"><span class='ocrx_word' id='word_1_211' title='bbox 263 3991 296 4056; x_wconf 82' lang='lat' dir='ltr'><strong>a)</strong></span> <span class='ocrx_word' id='word_1_212' title='bbox 314 3989 416 4042; x_wconf 70' lang='lat' dir='ltr'><strong>cason.</strong></span> <span class='ocrx_word' id='word_1_213' title='bbox 434 3991 554 4050; x_wconf 74' lang='lat' dir='ltr'><strong>Proiess.</strong></span> <span class='ocrx_word' id='word_1_214' title='bbox 571 3992 600 4040; x_wconf 86' lang='lat' dir='ltr'><strong>n.</strong></span> <span class='ocrx_word' id='word_1_215' title='bbox 621 3990 682 4042; x_wconf 82' lang='lat' dir='ltr'><strong>XV.</strong></span> 
     </span>
    </p>

    <p class='ocr_par' dir='ltr' id='par_1_14' title="bbox 263 4084 526 4151">
     <span class='ocr_line' id='line_1_35' title="bbox 263 4084 526 4151; baseline -0.008 -13"><span class='ocrx_word' id='word_1_216' title='bbox 263 4089 295 4151; x_wconf 74' lang='lat' dir='ltr'><strong>a)</strong></span> <span class='ocrx_word' id='word_1_217' title='bbox 315 4084 355 4136; x_wconf 85' lang='lat' dir='ltr'><strong>rt.</strong></span> <span class='ocrx_word' id='word_1_218' title='bbox 372 4086 446 4136; x_wconf 80' lang='lat' dir='ltr'><strong>xxi.</strong></span> <span class='ocrx_word' id='word_1_219' title='bbox 523 4089 526 4096; x_wconf 71' lang='grc'><em>’</em></span> 
     </span>
    </p>

    <p class='ocr_par' dir='ltr' id='par_1_15' title="bbox 263 4181 461 4246">
     <span class='ocr_line' id='line_1_36' title="bbox 263 4181 461 4246; baseline -0.03 -8"><span class='ocrx_word' id='word_1_220' title='bbox 263 4183 295 4246; x_wconf 73' lang='grc'><strong>4)</strong></span> <span class='ocrx_word' id='word_1_221' title='bbox 316 4181 356 4233; x_wconf 83' lang='lat' dir='ltr'><strong>lo.</strong></span> <span class='ocrx_word' id='word_1_222' title='bbox 374 4181 461 4233; x_wconf 81' lang='lat' dir='ltr'><strong>XXV.</strong></span> 
     </span>
    </p>

    <p class='ocr_par' dir='ltr' id='par_1_16' title="bbox 262 4275 759 4348">
     <span class='ocr_line' id='line_1_37' title="bbox 262 4275 759 4348; baseline -0.004 -19"><span class='ocrx_word' id='word_1_223' title='bbox 262 4279 295 4342; x_wconf 74' lang='lat' dir='ltr'><strong>o)</strong></span> <span class='ocrx_word' id='word_1_224' title='bbox 313 4275 415 4333; x_wconf 75' lang='lat' dir='ltr'><strong>Asson.</strong></span> <span class='ocrx_word' id='word_1_225' title='bbox 434 4275 508 4346; x_wconf 75' lang='lat' dir='ltr'><strong>aptat.</strong></span> <span class='ocrx_word' id='word_1_226' title='bbox 525 4275 627 4348; x_wconf 83' lang='lat' dir='ltr'><strong>xvltl,</strong></span> <span class='ocrx_word' id='word_1_227' title='bbox 643 4277 759 4333; x_wconf 65' lang='lat' dir='ltr'><strong>ae-oo.</strong></span> 
     </span>
    </p>
   </div>
   <div class='ocr_carea' id='block_1_8' title="bbox 0 0 1586 5076">
    <p class='ocr_par' dir='ltr' id='par_1_17' title="bbox 0 0 1586 5076">
     <span class='ocr_line' id='line_1_38' title="bbox 0 0 1586 5076; baseline 0 0"><span class='ocrx_word' id='word_1_228' title='bbox 0 0 1586 5076; x_wconf 95' lang='lat' dir='ltr'><strong> </strong></span> 
     </span>
    </p>
   </div>
  </div>
 </body>
</html>
