<?xml version="1.0" encoding="UTF-8"?>
<!DOCTYPE html PUBLIC "-//W3C//DTD XHTML 1.0 Transitional//EN"
    "http://www.w3.org/TR/xhtml1/DTD/xhtml1-transitional.dtd">
<html xmlns="http://www.w3.org/1999/xhtml" xml:lang="en" lang="en">
 <head>
  <title>
</title>
<meta http-equiv="Content-Type" content="text/html;charset=utf-8" />
  <meta name='ocr-system' content='tesseract 3.04.00' />
  <meta name='ocr-capabilities' content='ocr_page ocr_carea ocr_par ocr_line ocrx_word'/>
</head>
<body>
  <div class='ocr_page' id='page_1' title='image "./degallorumorato00monngoog_0042.png"; bbox 0 0 3140 5076; ppageno 0'>
   <div class='ocr_carea' id='block_1_1' title="bbox 607 337 854 406">
    <p class='ocr_par' dir='ltr' id='par_1_1' title="bbox 607 337 854 406">
     <span class='ocr_line' id='line_1_1' title="bbox 607 337 854 406; baseline 0.004 -22"><span class='ocrx_word' id='word_1_1' title='bbox 607 337 854 406; x_wconf 67' lang='lat'>..35.„</span> 
     </span>
    </p>
   </div>
   <div class='ocr_carea' id='block_1_2' title="bbox 178 520 1312 3664">
    <p class='ocr_par' dir='ltr' id='par_1_2' title="bbox 178 520 1312 3664">
     <span class='ocr_line' id='line_1_2' title="bbox 179 520 1280 607; baseline 0 -19"><span class='ocrx_word' id='word_1_2' title='bbox 179 541 254 607; x_wconf 78' lang='lat' dir='ltr'>gere</span> <span class='ocrx_word' id='word_1_3' title='bbox 276 528 323 588; x_wconf 90' lang='lat' dir='ltr'>est</span> <span class='ocrx_word' id='word_1_4' title='bbox 345 522 423 603; x_wconf 91' lang='lat' dir='ltr'>apud</span> <span class='ocrx_word' id='word_1_5' title='bbox 447 522 479 584; x_wconf 90' lang='lat' dir='ltr'>B.</span> <span class='ocrx_word' id='word_1_6' title='bbox 502 521 720 604; x_wconf 77' lang='lat' dir='ltr'>Hieronymum</span> <span class='ocrx_word' id='word_1_7' title='bbox 740 529 776 602; x_wconf 91' lang='lat'>¹).</span> <span class='ocrx_word' id='word_1_8' title='bbox 832 524 866 585; x_wconf 91' lang='lat' dir='ltr'>ln</span> <span class='ocrx_word' id='word_1_9' title='bbox 886 522 1016 602; x_wconf 82' lang='lat' dir='ltr'>Diclopo</span> <span class='ocrx_word' id='word_1_10' title='bbox 1036 522 1074 588; x_wconf 88' lang='lat' dir='ltr'>de</span> <span class='ocrx_word' id='word_1_11' title='bbox 1096 520 1280 588; x_wconf 74' lang='lat' dir='ltr'>Orotom&#39;ltus</span> 
     </span>
     <span class='ocr_line' id='line_1_3' title="bbox 180 627 1281 714; baseline 0.003 -20"><span class='ocrx_word' id='word_1_12' title='bbox 180 634 269 696; x_wconf 82' lang='lat' dir='ltr'>item:</span> <span class='ocrx_word' id='word_1_13' title='bbox 292 632 433 711; x_wconf 91' lang='lat' dir='ltr'>„Quotus</span> <span class='ocrx_word' id='word_1_14' title='bbox 448 632 529 693; x_wconf 91' lang='lat' dir='ltr'>enirn</span> <span class='ocrx_word' id='word_1_15' title='bbox 547 633 675 712; x_wconf 82' lang='lat' dir='ltr'>quisque</span> <span class='ocrx_word' id='word_1_16' title='bbox 692 631 946 702; x_wconf 86' lang='lat' dir='ltr'>scholasticorum</span> <span class='ocrx_word' id='word_1_17' title='bbox 966 649 1029 698; x_wconf 91' lang='lat' dir='ltr'>non</span> <span class='ocrx_word' id='word_1_18' title='bbox 1050 627 1110 696; x_wconf 79' lang='lat' dir='ltr'>hac</span> <span class='ocrx_word' id='word_1_19' title='bbox 1131 651 1186 698; x_wconf 92' lang='lat' dir='ltr'>sua</span> <span class='ocrx_word' id='word_1_20' title='bbox 1203 641 1281 714; x_wconf 83' lang='lat' dir='ltr'>&#39;per-</span> 
     </span>
     <span class='ocr_line' id='line_1_4' title="bbox 183 742 1282 830; baseline 0.002 -26"><span class='ocrx_word' id='word_1_21' title='bbox 183 742 329 805; x_wconf 80' lang='lat' dir='ltr'>suasione</span> <span class='ocrx_word' id='word_1_22' title='bbox 351 742 470 820; x_wconf 83' lang='lat' dir='ltr'>fruitur,</span> <span class='ocrx_word' id='word_1_23' title='bbox 488 747 522 802; x_wconf 91' lang='lat' dir='ltr'>ut</span> <span class='ocrx_word' id='word_1_24' title='bbox 544 757 615 804; x_wconf 89' lang='lat' dir='ltr'>sese</span> <span class='ocrx_word' id='word_1_25' title='bbox 637 747 707 804; x_wconf 92' lang='lat' dir='ltr'>ante</span> <span class='ocrx_word' id='word_1_26' title='bbox 728 742 910 805; x_wconf 85' lang='lat' dir='ltr'><strong>Ciceronem</strong></span> <span class='ocrx_word' id='word_1_27' title='bbox 932 742 1085 830; x_wconf 85' lang='lat' dir='ltr'>nominet:</span> <span class='ocrx_word' id='word_1_28' title='bbox 1112 744 1170 806; x_wconf 90' lang='lat' dir='ltr'>sed</span> <span class='ocrx_word' id='word_1_29' title='bbox 1191 743 1282 824; x_wconf 91' lang='lat' dir='ltr'>plane</span> 
     </span>
     <span class='ocr_line' id='line_1_5' title="bbox 182 848 1281 933; baseline 0.002 -21"><span class='ocrx_word' id='word_1_30' title='bbox 182 855 253 931; x_wconf 89' lang='lat' dir='ltr'>post</span> <span class='ocrx_word' id='word_1_31' title='bbox 266 850 467 913; x_wconf 90' lang='lat' dir='ltr'>Gabinianum</span> <span class='ocrx_word' id='word_1_32' title='bbox 476 850 516 911; x_wconf 85' lang='lat' dir='ltr'>‘l“</span> <span class='ocrx_word' id='word_1_33' title='bbox 530 856 558 930; x_wconf 81' lang='lat'>²)</span> <span class='ocrx_word' id='word_1_34' title='bbox 590 849 636 913; x_wconf 89' lang='lat' dir='ltr'>De</span> <span class='ocrx_word' id='word_1_35' title='bbox 658 852 723 914; x_wconf 91' lang='lat' dir='ltr'>eius</span> <span class='ocrx_word' id='word_1_36' title='bbox 749 852 883 914; x_wconf 90' lang='lat' dir='ltr'>oratoria</span> <span class='ocrx_word' id='word_1_37' title='bbox 905 848 1010 914; x_wconf 85' lang='lat' dir='ltr'>indole</span> <span class='ocrx_word' id='word_1_38' title='bbox 1033 851 1113 914; x_wconf 90' lang='lat' dir='ltr'>idem</span> <span class='ocrx_word' id='word_1_39' title='bbox 1124 853 1281 933; x_wconf 78' lang='lat' dir='ltr'>Hierony-</span> 
     </span>
     <span class='ocr_line' id='line_1_6' title="bbox 183 959 1279 1041; baseline 0.003 -19"><span class='ocrx_word' id='word_1_40' title='bbox 183 977 271 1023; x_wconf 87' lang='lat' dir='ltr'><strong>mus:</strong></span> <span class='ocrx_word' id='word_1_41' title='bbox 294 960 377 1038; x_wconf 91' lang='lat' dir='ltr'>„Qui</span> <span class='ocrx_word' id='word_1_42' title='bbox 399 961 426 1022; x_wconf 89' lang='lat' dir='ltr'>si</span> <span class='ocrx_word' id='word_1_43' title='bbox 446 959 557 1023; x_wconf 92' lang='lat' dir='ltr'>llumen</span> <span class='ocrx_word' id='word_1_44' title='bbox 579 959 772 1041; x_wconf 75' lang='lat' dir='ltr'>eloquentiae</span> <span class='ocrx_word' id='word_1_45' title='bbox 793 966 823 1023; x_wconf 90' lang='lat' dir='ltr'>et</span> <span class='ocrx_word' id='word_1_46' title='bbox 847 962 1017 1026; x_wconf 87' lang='lat' dir='ltr'>concinnas</span> <span class='ocrx_word' id='word_1_47' title='bbox 1039 961 1279 1025; x_wconf 78' lang='lat' dir='ltr'>declamationes</span> 
     </span>
     <span class='ocr_line' id='line_1_7' title="bbox 182 1061 1282 1150; baseline 0.003 -19"><span class='ocrx_word' id='word_1_48' title='bbox 182 1069 367 1147; x_wconf 90' lang='lat' dir='ltr'>desiderant,</span> <span class='ocrx_word' id='word_1_49' title='bbox 389 1061 494 1150; x_wconf 81' lang='lat' dir='ltr'>legant</span> <span class='ocrx_word' id='word_1_50' title='bbox 513 1068 651 1148; x_wconf 85' lang='lat' dir='ltr'>Tullium,</span> <span class='ocrx_word' id='word_1_51' title='bbox 677 1069 905 1149; x_wconf 83' lang='lat' dir='ltr'>Quintilianum,</span> <span class='ocrx_word' id='word_1_52' title='bbox 929 1070 1110 1149; x_wconf 87' lang='lat' dir='ltr'>Gallionem,</span> <span class='ocrx_word' id='word_1_53' title='bbox 1132 1067 1282 1134; x_wconf 86' lang='lat' dir='ltr'>Gabinia-</span> 
     </span>
     <span class='ocr_line' id='line_1_8' title="bbox 181 1177 1282 1260; baseline 0.005 -21"><span class='ocrx_word' id='word_1_54' title='bbox 181 1185 288 1241; x_wconf 84' lang='lat' dir='ltr'>num.“</span> <span class='ocrx_word' id='word_1_55' title='bbox 302 1181 330 1254; x_wconf 82' lang='lat'>³)</span> <span class='ocrx_word' id='word_1_56' title='bbox 375 1179 417 1240; x_wconf 87' lang='lat' dir='ltr'>lta</span> <span class='ocrx_word' id='word_1_57' title='bbox 439 1197 531 1258; x_wconf 90' lang='lat' dir='ltr'>saepe</span> <span class='ocrx_word' id='word_1_58' title='bbox 553 1177 695 1241; x_wconf 80' lang='lat' dir='ltr'>rhetores</span> <span class='ocrx_word' id='word_1_59' title='bbox 719 1185 874 1240; x_wconf 89' lang='lat' dir='ltr'>oratorum</span> <span class='ocrx_word' id='word_1_60' title='bbox 898 1195 1020 1260; x_wconf 86' lang='lat' dir='ltr'>quoque</span> <span class='ocrx_word' id='word_1_61' title='bbox 1039 1181 1164 1242; x_wconf 90' lang='lat' dir='ltr'>nomine</span> <span class='ocrx_word' id='word_1_62' title='bbox 1182 1181 1282 1244; x_wconf 89' lang='lat' dir='ltr'>incla-</span> 
     </span>
     <span class='ocr_line' id='line_1_9' title="bbox 180 1285 1282 1369; baseline 0.005 -19"><span class='ocrx_word' id='word_1_63' title='bbox 180 1292 317 1350; x_wconf 87' lang='lat' dir='ltr'>ruerunt.</span> <span class='ocrx_word' id='word_1_64' title='bbox 362 1287 510 1350; x_wconf 84' lang='lat' dir='ltr'>Oratores</span> <span class='ocrx_word' id='word_1_65' title='bbox 533 1286 671 1349; x_wconf 87' lang='lat' dir='ltr'>vicissim</span> <span class='ocrx_word' id='word_1_66' title='bbox 702 1285 822 1366; x_wconf 88' lang='lat' dir='ltr'>quidam</span> <span class='ocrx_word' id='word_1_67' title='bbox 852 1286 1007 1349; x_wconf 84' lang='lat' dir='ltr'>rhetorica</span> <span class='ocrx_word' id='word_1_68' title='bbox 1041 1286 1207 1369; x_wconf 88' lang='lat' dir='ltr'>discipulos</span> <span class='ocrx_word' id='word_1_69' title='bbox 1230 1288 1282 1356; x_wconf 86' lang='lat' dir='ltr'>iu-</span> 
     </span>
     <span class='ocr_line' id='line_1_10' title="bbox 181 1394 1282 1480; baseline -0.002 -20"><span class='ocrx_word' id='word_1_70' title='bbox 181 1397 356 1460; x_wconf 80' lang='lat' dir='ltr'>stitueltant.</span> <span class='ocrx_word' id='word_1_71' title='bbox 416 1395 497 1457; x_wconf 84' lang='lat' dir='ltr'>Talis</span> <span class='ocrx_word' id='word_1_72' title='bbox 527 1394 624 1456; x_wconf 84' lang='lat' dir='ltr'>lulius</span> <span class='ocrx_word' id='word_1_73' title='bbox 647 1394 776 1474; x_wconf 81' lang='lat' dir='ltr'>Florus,</span> <span class='ocrx_word' id='word_1_74' title='bbox 809 1397 907 1476; x_wconf 91' lang='lat' dir='ltr'>primo</span> <span class='ocrx_word' id='word_1_75' title='bbox 930 1396 1067 1476; x_wconf 87' lang='lat' dir='ltr'>Rornae,</span> <span class='ocrx_word' id='word_1_76' title='bbox 1098 1397 1230 1480; x_wconf 81' lang='lat' dir='ltr'>Augusti</span> <span class='ocrx_word' id='word_1_77' title='bbox 1250 1404 1282 1459; x_wconf 89' lang='lat' dir='ltr'>et</span> 
     </span>
     <span class='ocr_line' id='line_1_11' title="bbox 178 1487 1312 1588; baseline 0.003 -21"><span class='ocrx_word' id='word_1_78' title='bbox 178 1505 293 1568; x_wconf 85' lang='lat' dir='ltr'>‘liberii</span> <span class='ocrx_word' id='word_1_79' title='bbox 314 1511 470 1586; x_wconf 88' lang='lat' dir='ltr'>tempore,</span> <span class='ocrx_word' id='word_1_80' title='bbox 494 1506 662 1568; x_wconf 89' lang='lat' dir='ltr'>advocatus</span> <span class='ocrx_word' id='word_1_81' title='bbox 686 1523 797 1568; x_wconf 86' lang='lat' dir='ltr'>causas</span> <span class='ocrx_word' id='word_1_82' title='bbox 818 1506 895 1568; x_wconf 87' lang='lat' dir='ltr'>dixit</span> <span class='ocrx_word' id='word_1_83' title='bbox 907 1509 948 1587; x_wconf 76' lang='lat' dir='ltr'>l).</span> <span class='ocrx_word' id='word_1_84' title='bbox 993 1508 1041 1585; x_wconf 92' lang='lat' dir='ltr'>ls,</span> <span class='ocrx_word' id='word_1_85' title='bbox 1064 1514 1188 1588; x_wconf 89' lang='lat' dir='ltr'>patruus</span> <span class='ocrx_word' id='word_1_86' title='bbox 1210 1487 1278 1570; x_wconf 82' lang='lat' dir='ltr'>lulli</span> <span class='ocrx_word' id='word_1_87' title='bbox 1310 1552 1312 1558; x_wconf 81' lang='lat'>·</span> 
     </span>
     <span class='ocr_line' id='line_1_12' title="bbox 183 1614 1279 1697; baseline -0.001 -18"><span class='ocrx_word' id='word_1_88' title='bbox 183 1614 328 1692; x_wconf 84' lang='lat' dir='ltr'>Secundi,</span> <span class='ocrx_word' id='word_1_89' title='bbox 352 1614 472 1676; x_wconf 90' lang='lat' dir='ltr'>demum</span> <span class='ocrx_word' id='word_1_90' title='bbox 491 1616 630 1678; x_wconf 90' lang='lat' dir='ltr'>exercuit</span> <span class='ocrx_word' id='word_1_91' title='bbox 650 1615 866 1695; x_wconf 87' lang='lat' dir='ltr'>eloquentiam,</span> <span class='ocrx_word' id='word_1_92' title='bbox 890 1615 921 1676; x_wconf 90' lang='lat' dir='ltr'>in</span> <span class='ocrx_word' id='word_1_93' title='bbox 936 1633 995 1695; x_wconf 89' lang='lat' dir='ltr'>qua</span> <span class='ocrx_word' id='word_1_94' title='bbox 1008 1615 1173 1678; x_wconf 86' lang='lat' dir='ltr'>Galliarum</span> <span class='ocrx_word' id='word_1_95' title='bbox 1189 1617 1279 1697; x_wconf 89' lang='lat' dir='ltr'>prin-</span> 
     </span>
     <span class='ocr_line' id='line_1_13' title="bbox 182 1722 1281 1804; baseline 0.003 -20"><span class='ocrx_word' id='word_1_96' title='bbox 182 1739 255 1803; x_wconf 90' lang='lat' dir='ltr'>ceps</span> <span class='ocrx_word' id='word_1_97' title='bbox 278 1723 344 1800; x_wconf 86' lang='lat' dir='ltr'>lirit,</span> <span class='ocrx_word' id='word_1_98' title='bbox 366 1729 399 1783; x_wconf 91' lang='lat' dir='ltr'>ut</span> <span class='ocrx_word' id='word_1_99' title='bbox 419 1723 460 1783; x_wconf 91' lang='lat' dir='ltr'>ait</span> <span class='ocrx_word' id='word_1_100' title='bbox 483 1723 719 1800; x_wconf 78' lang='lat' dir='ltr'>Quintilianus,</span> <span class='ocrx_word' id='word_1_101' title='bbox 742 1722 881 1803; x_wconf 89' lang='lat' dir='ltr'>„alioqui</span> <span class='ocrx_word' id='word_1_102' title='bbox 909 1724 989 1786; x_wconf 87' lang='lat' dir='ltr'>inter</span> <span class='ocrx_word' id='word_1_103' title='bbox 1010 1741 1126 1804; x_wconf 92' lang='lat' dir='ltr'>paucos</span> <span class='ocrx_word' id='word_1_104' title='bbox 1149 1725 1281 1787; x_wconf 87' lang='lat' dir='ltr'>disertus</span> 
     </span>
     <span class='ocr_line' id='line_1_14' title="bbox 184 1831 1280 1922; baseline 0.006 -31"><span class='ocrx_word' id='word_1_105' title='bbox 184 1837 214 1892; x_wconf 91' lang='lat' dir='ltr'>et</span> <span class='ocrx_word' id='word_1_106' title='bbox 250 1831 362 1912; x_wconf 83' lang='lat' dir='ltr'>dignus</span> <span class='ocrx_word' id='word_1_107' title='bbox 391 1832 442 1894; x_wconf 90' lang='lat' dir='ltr'>illa</span> <span class='ocrx_word' id='word_1_108' title='bbox 479 1833 738 1922; x_wconf 84' lang='lat' dir='ltr'>propinquitate.“</span> <span class='ocrx_word' id='word_1_109' title='bbox 787 1833 832 1894; x_wconf 87' lang='lat' dir='ltr'>lbi</span> <span class='ocrx_word' id='word_1_110' title='bbox 871 1833 961 1896; x_wconf 89' lang='lat' dir='ltr'>etiarn</span> <span class='ocrx_word' id='word_1_111' title='bbox 992 1839 1086 1896; x_wconf 90' lang='lat' dir='ltr'>artem</span> <span class='ocrx_word' id='word_1_112' title='bbox 1115 1836 1280 1915; x_wconf 78' lang='lat' dir='ltr'>professus</span> 
     </span>
     <span class='ocr_line' id='line_1_15' title="bbox 185 1939 1280 2028; baseline 0.005 -28"><span class='ocrx_word' id='word_1_113' title='bbox 185 1945 232 2001; x_wconf 90' lang='lat' dir='ltr'>est</span> <span class='ocrx_word' id='word_1_114' title='bbox 253 1957 348 2002; x_wconf 91' lang='lat' dir='ltr'>suam.</span> <span class='ocrx_word' id='word_1_115' title='bbox 393 1939 570 2028; x_wconf 83' lang='lat' dir='ltr'>Exemplum</span> <span class='ocrx_word' id='word_1_116' title='bbox 593 1942 659 2003; x_wconf 90' lang='lat' dir='ltr'>eius</span> <span class='ocrx_word' id='word_1_117' title='bbox 681 1941 842 2003; x_wconf 90' lang='lat' dir='ltr'>doctrinae</span> <span class='ocrx_word' id='word_1_118' title='bbox 865 1941 945 2004; x_wconf 91' lang='lat' dir='ltr'>idern</span> <span class='ocrx_word' id='word_1_119' title='bbox 969 1943 1093 2021; x_wconf 82' lang='lat' dir='ltr'>exponit</span> <span class='ocrx_word' id='word_1_120' title='bbox 1114 1943 1280 2017; x_wconf 91' lang='lat' dir='ltr'>Quintilia-</span> 
     </span>
     <span class='ocr_line' id='line_1_16' title="bbox 182 2048 1279 2129; baseline 0.004 -19"><span class='ocrx_word' id='word_1_121' title='bbox 182 2063 250 2111; x_wconf 91' lang='lat' dir='ltr'>nus.</span> <span class='ocrx_word' id='word_1_122' title='bbox 295 2049 347 2126; x_wconf 91' lang='lat' dir='ltr'>„ls</span> <span class='ocrx_word' id='word_1_123' title='bbox 369 2048 653 2126; x_wconf 84' lang='lat' dir='ltr'>cum·Secundum,</span> <span class='ocrx_word' id='word_1_124' title='bbox 687 2049 813 2112; x_wconf 89' lang='lat' dir='ltr'>scholae</span> <span class='ocrx_word' id='word_1_125' title='bbox 836 2049 936 2111; x_wconf 89' lang='lat' dir='ltr'>adhuc</span> <span class='ocrx_word' id='word_1_126' title='bbox 959 2056 1138 2129; x_wconf 82' lang='lat' dir='ltr'>operatum,</span> <span class='ocrx_word' id='word_1_127' title='bbox 1162 2053 1279 2114; x_wconf 87' lang='lat' dir='ltr'>tristem</span> 
     </span>
     <span class='ocr_line' id='line_1_17' title="bbox 183 2157 1282 2239; baseline 0.001 -18"><span class='ocrx_word' id='word_1_128' title='bbox 183 2158 263 2221; x_wconf 90' lang='lat' dir='ltr'>lorte</span> <span class='ocrx_word' id='word_1_129' title='bbox 283 2157 422 2236; x_wconf 90' lang='lat' dir='ltr'>vidisset,</span> <span class='ocrx_word' id='word_1_130' title='bbox 443 2159 656 2239; x_wconf 84' lang='lat' dir='ltr'>interrogavit,</span> <span class='ocrx_word' id='word_1_131' title='bbox 677 2175 755 2237; x_wconf 89' lang='lat' dir='ltr'>quae</span> <span class='ocrx_word' id='word_1_132' title='bbox 779 2175 872 2220; x_wconf 88' lang='lat' dir='ltr'>causa</span> <span class='ocrx_word' id='word_1_133' title='bbox 893 2157 1002 2219; x_wconf 82' lang='lat' dir='ltr'>frontis</span> <span class='ocrx_word' id='word_1_134' title='bbox 1025 2165 1083 2221; x_wconf 91' lang='lat' dir='ltr'>lam</span> <span class='ocrx_word' id='word_1_135' title='bbox 1107 2158 1282 2224; x_wconf 84' lang='lat' dir='ltr'>adductae?</span> 
     </span>
     <span class='ocr_line' id='line_1_18' title="bbox 182 2265 1278 2348; baseline 0.002 -20"><span class='ocrx_word' id='word_1_136' title='bbox 182 2283 241 2329; x_wconf 90' lang='lat' dir='ltr'>neo</span> <span class='ocrx_word' id='word_1_137' title='bbox 263 2266 464 2330; x_wconf 88' lang='lat' dir='ltr'>dissimulavit</span> <span class='ocrx_word' id='word_1_138' title='bbox 486 2267 690 2348; x_wconf 90' lang='lat' dir='ltr'>adolescens,</span> <span class='ocrx_word' id='word_1_139' title='bbox 726 2267 847 2328; x_wconf 90' lang='lat' dir='ltr'>tertium</span> <span class='ocrx_word' id='word_1_140' title='bbox 869 2265 928 2328; x_wconf 87' lang='lat' dir='ltr'>iarn</span> <span class='ocrx_word' id='word_1_141' title='bbox 964 2266 1045 2328; x_wconf 91' lang='lat' dir='ltr'>dienr</span> <span class='ocrx_word' id='word_1_142' title='bbox 1073 2285 1164 2346; x_wconf 90' lang='lat' dir='ltr'>esse,</span> <span class='ocrx_word' id='word_1_143' title='bbox 1197 2268 1278 2348; x_wconf 85' lang='lat' dir='ltr'>quod</span> 
     </span>
     <span class='ocr_line' id='line_1_19' title="bbox 183 2375 1281 2442; baseline 0.005 -5"><span class='ocrx_word' id='word_1_144' title='bbox 183 2375 266 2438; x_wconf 91' lang='lat' dir='ltr'>omni</span> <span class='ocrx_word' id='word_1_145' title='bbox 297 2376 406 2439; x_wconf 90' lang='lat' dir='ltr'>labore</span> <span class='ocrx_word' id='word_1_146' title='bbox 440 2377 587 2439; x_wconf 90' lang='lat' dir='ltr'>materiae</span> <span class='ocrx_word' id='word_1_147' title='bbox 618 2375 873 2439; x_wconf 85' lang='lat' dir='ltr'>adscribendum</span> <span class='ocrx_word' id='word_1_148' title='bbox 903 2376 1075 2439; x_wconf 88' lang='lat' dir='ltr'>destinatae</span> <span class='ocrx_word' id='word_1_149' title='bbox 1105 2394 1168 2439; x_wconf 91' lang='lat' dir='ltr'>non</span> <span class='ocrx_word' id='word_1_150' title='bbox 1190 2376 1281 2442; x_wconf 86' lang='lat' dir='ltr'>inve-</span> 
     </span>
     <span class='ocr_line' id='line_1_20' title="bbox 182 2485 1279 2566; baseline 0.004 -20"><span class='ocrx_word' id='word_1_151' title='bbox 182 2485 261 2548; x_wconf 91' lang='lat' dir='ltr'>niret</span> <span class='ocrx_word' id='word_1_152' title='bbox 283 2485 461 2550; x_wconf 87' lang='lat' dir='ltr'>exordium:</span> <span class='ocrx_word' id='word_1_153' title='bbox 496 2503 556 2566; x_wconf 88' lang='lat' dir='ltr'>quo</span> <span class='ocrx_word' id='word_1_154' title='bbox 585 2485 644 2548; x_wconf 89' lang='lat' dir='ltr'>sibi</span> <span class='ocrx_word' id='word_1_155' title='bbox 666 2503 729 2548; x_wconf 94' lang='lat' dir='ltr'>non</span> <span class='ocrx_word' id='word_1_156' title='bbox 757 2503 906 2566; x_wconf 90' lang='lat' dir='ltr'>praesens</span> <span class='ocrx_word' id='word_1_157' title='bbox 937 2492 1052 2548; x_wconf 89' lang='lat' dir='ltr'>tanturn</span> <span class='ocrx_word' id='word_1_158' title='bbox 1075 2486 1187 2566; x_wconf 85' lang='lat' dir='ltr'>dolor,</span> <span class='ocrx_word' id='word_1_159' title='bbox 1223 2487 1279 2550; x_wconf 93' lang='lat' dir='ltr'>sed</span> 
     </span>
     <span class='ocr_line' id='line_1_21' title="bbox 182 2593 1279 2675; baseline 0.003 -18"><span class='ocrx_word' id='word_1_160' title='bbox 182 2593 274 2657; x_wconf 90' lang='lat' dir='ltr'>etiam</span> <span class='ocrx_word' id='word_1_161' title='bbox 296 2594 469 2674; x_wconf 87' lang='lat' dir='ltr'>desperatio</span> <span class='ocrx_word' id='word_1_162' title='bbox 507 2594 716 2675; x_wconf 88' lang='lat' dir='ltr'>inposterum</span> <span class='ocrx_word' id='word_1_163' title='bbox 749 2594 846 2658; x_wconf 82' lang='lat' dir='ltr'>fieret</span> <span class='ocrx_word' id='word_1_164' title='bbox 892 2593 969 2657; x_wconf 77' lang='lat' dir='ltr'>tum</span> <span class='ocrx_word' id='word_1_165' title='bbox 992 2595 1279 2675; x_wconf 86' lang='lat' dir='ltr'>Florusarridens,</span> 
     </span>
     <span class='ocr_line' id='line_1_22' title="bbox 182 2701 1281 2783; baseline 0.005 -21"><span class='ocrx_word' id='word_1_166' title='bbox 182 2701 334 2781; x_wconf 81' lang='lat' dir='ltr'>Numquid</span> <span class='ocrx_word' id='word_1_167' title='bbox 354 2710 407 2781; x_wconf 84' lang='lat' dir='ltr'>tu,</span> <span class='ocrx_word' id='word_1_168' title='bbox 441 2704 559 2783; x_wconf 90' lang='lat' dir='ltr'>inquit,</span> <span class='ocrx_word' id='word_1_169' title='bbox 591 2704 697 2765; x_wconf 83' lang='lat' dir='ltr'>melius</span> <span class='ocrx_word' id='word_1_170' title='bbox 722 2703 826 2766; x_wconf 82' lang='lat' dir='ltr'>dicere</span> <span class='ocrx_word' id='word_1_171' title='bbox 841 2704 890 2765; x_wconf 83' lang='lat' dir='ltr'>cis</span> <span class='ocrx_word' id='word_1_172' title='bbox 912 2722 1002 2783; x_wconf 85' lang='lat' dir='ltr'>quum</span> <span class='ocrx_word' id='word_1_173' title='bbox 1022 2705 1136 2782; x_wconf 85' lang='lat' dir='ltr'>potes?</span> <span class='ocrx_word' id='word_1_174' title='bbox 1181 2707 1225 2768; x_wconf 89' lang='lat' dir='ltr'>lla</span> <span class='ocrx_word' id='word_1_175' title='bbox 1245 2723 1281 2770; x_wconf 89' lang='lat' dir='ltr'>se</span> 
     </span>
     <span class='ocr_line' id='line_1_23' title="bbox 181 2810 1280 2894; baseline 0.004 -22"><span class='ocrx_word' id='word_1_176' title='bbox 181 2828 232 2873; x_wconf 89' lang='lat' dir='ltr'>res</span> <span class='ocrx_word' id='word_1_177' title='bbox 255 2810 356 2889; x_wconf 89' lang='lat' dir='ltr'>habet,</span> <span class='ocrx_word' id='word_1_178' title='bbox 382 2812 475 2888; x_wconf 89' lang='lat' dir='ltr'>addit,</span> <span class='ocrx_word' id='word_1_179' title='bbox 497 2813 535 2873; x_wconf 89' lang='grc' dir='ltr'>Μ.</span> <span class='ocrx_word' id='word_1_180' title='bbox 559 2811 679 2874; x_wconf 87' lang='lat' dir='ltr'>Fabius.</span> <span class='ocrx_word' id='word_1_181' title='bbox 725 2811 898 2874; x_wconf 86' lang='lat' dir='ltr'>Curandum</span> <span class='ocrx_word' id='word_1_182' title='bbox 921 2819 977 2890; x_wconf 85' lang='lat' dir='ltr'>esl,</span> <span class='ocrx_word' id='word_1_183' title='bbox 1000 2818 1142 2892; x_wconf 87' lang='lat' dir='ltr'>utquam</span> <span class='ocrx_word' id='word_1_184' title='bbox 1167 2814 1280 2894; x_wconf 89' lang='lat' dir='ltr'>optime</span> 
     </span>
     <span class='ocr_line' id='line_1_24' title="bbox 183 2917 1280 3000; baseline 0.002 -19"><span class='ocrx_word' id='word_1_185' title='bbox 183 2917 336 2983; x_wconf 88' lang='lat' dir='ltr'>dieamus:</span> <span class='ocrx_word' id='word_1_186' title='bbox 371 2919 534 2981; x_wconf 89' lang='lat' dir='ltr'>dicendum</span> <span class='ocrx_word' id='word_1_187' title='bbox 568 2925 670 2982; x_wconf 87' lang='lat' dir='ltr'>tamen</span> <span class='ocrx_word' id='word_1_188' title='bbox 696 2937 752 2999; x_wconf 92' lang='lat' dir='ltr'>pro</span> <span class='ocrx_word' id='word_1_189' title='bbox 789 2921 1009 3000; x_wconf 74' lang='lat' dir='ltr'>facultate.“⁵)</span> <span class='ocrx_word' id='word_1_190' title='bbox 1063 2921 1144 2982; x_wconf 88' lang='lat' dir='ltr'>Flori</span> <span class='ocrx_word' id='word_1_191' title='bbox 1173 2939 1280 3000; x_wconf 90' lang='lat' dir='ltr'>nepos,</span> 
     </span>
     <span class='ocr_line' id='line_1_25' title="bbox 182 3027 1282 3108; baseline 0.002 -19"><span class='ocrx_word' id='word_1_192' title='bbox 182 3027 280 3090; x_wconf 79' lang='lat' dir='ltr'>lulius</span> <span class='ocrx_word' id='word_1_193' title='bbox 302 3027 485 3107; x_wconf 82' lang='lat' dir='ltr'>Secundus,</span> <span class='ocrx_word' id='word_1_194' title='bbox 519 3027 655 3108; x_wconf 90' lang='lat' dir='ltr'>aequalis</span> <span class='ocrx_word' id='word_1_195' title='bbox 677 3028 855 3103; x_wconf 81' lang='lat' dir='ltr'>Quintiliani</span> <span class='ocrx_word' id='word_1_196' title='bbox 890 3035 920 3090; x_wconf 90' lang='lat' dir='ltr'>et</span> <span class='ocrx_word' id='word_1_197' title='bbox 954 3028 991 3090; x_wconf 79' lang='lat' dir='ltr'>alt</span> <span class='ocrx_word' id='word_1_198' title='bbox 1019 3045 1057 3090; x_wconf 91' lang='lat' dir='ltr'>co</span> <span class='ocrx_word' id='word_1_199' title='bbox 1091 3029 1282 3092; x_wconf 82' lang='lat' dir='ltr'>familiariter</span> 
     </span>
     <span class='ocr_line' id='line_1_26' title="bbox 182 3134 1281 3230; baseline 0 -29"><span class='ocrx_word' id='word_1_200' title='bbox 182 3143 310 3216; x_wconf 86' lang='lat' dir='ltr'>amatus,</span> <span class='ocrx_word' id='word_1_201' title='bbox 334 3137 454 3217; x_wconf 91' lang='lat' dir='ltr'>„mirae</span> <span class='ocrx_word' id='word_1_202' title='bbox 476 3136 639 3201; x_wconf 87' lang='lat' dir='ltr'>facundiae</span> <span class='ocrx_word' id='word_1_203' title='bbox 658 3137 706 3200; x_wconf 90' lang='lat' dir='ltr'>vir</span> <span class='ocrx_word' id='word_1_204' title='bbox 726 3137 791 3216; x_wconf 86' lang='lat' dir='ltr'>fuit,</span> <span class='ocrx_word' id='word_1_205' title='bbox 815 3134 950 3200; x_wconf 81' lang='lat' dir='ltr'>infinitae</span> <span class='ocrx_word' id='word_1_206' title='bbox 967 3143 1069 3199; x_wconf 90' lang='lat' dir='ltr'>lamen</span> <span class='ocrx_word' id='word_1_207' title='bbox 1093 3155 1185 3230; x_wconf 76' lang='lat' dir='ltr'>curae</span> <span class='ocrx_word' id='word_1_208' title='bbox 1207 3138 1281 3219; x_wconf 87' lang='lat' dir='ltr'>quid</span> 
     </span>
     <span class='ocr_line' id='line_1_27' title="bbox 184 3245 1286 3328; baseline 0.001 -19"><span class='ocrx_word' id='word_1_209' title='bbox 184 3252 266 3310; x_wconf 90' lang='lat' dir='ltr'>esset</span> <span class='ocrx_word' id='word_1_210' title='bbox 287 3246 346 3310; x_wconf 88' lang='lat' dir='ltr'>sibi</span> <span class='ocrx_word' id='word_1_211' title='bbox 368 3267 385 3310; x_wconf 91' lang='lat' dir='ltr'>a</span> <span class='ocrx_word' id='word_1_212' title='bbox 406 3254 513 3328; x_wconf 87' lang='lat' dir='ltr'>patruo</span> <span class='ocrx_word' id='word_1_213' title='bbox 528 3263 585 3309; x_wconf 90' lang='lat' dir='ltr'>suo</span> <span class='ocrx_word' id='word_1_214' title='bbox 609 3245 757 3307; x_wconf 56' lang='lat' dir='ltr'>dictumst</span> <span class='ocrx_word' id='word_1_215' title='bbox 771 3247 809 3325; x_wconf 79' lang='lat'>⁶).</span> <span class='ocrx_word' id='word_1_216' title='bbox 854 3246 954 3326; x_wconf 93' lang='lat' dir='ltr'>„lulio</span> <span class='ocrx_word' id='word_1_217' title='bbox 970 3245 1125 3324; x_wconf 87' lang='lat' dir='ltr'>Secundo,</span> <span class='ocrx_word' id='word_1_218' title='bbox 1151 3253 1183 3308; x_wconf 93' lang='lat' dir='ltr'>ut</span> <span class='ocrx_word' id='word_1_219' title='bbox 1197 3247 1286 3310; x_wconf 90' lang='lat' dir='ltr'>idem·</span> 
     </span>
     <span class='ocr_line' id='line_1_28' title="bbox 182 3354 1281 3441; baseline 0.002 -24"><span class='ocrx_word' id='word_1_220' title='bbox 182 3359 311 3420; x_wconf 89' lang='lat' dir='ltr'>testatur</span> <span class='ocrx_word' id='word_1_221' title='bbox 322 3355 538 3434; x_wconf 89' lang='lat' dir='ltr'>Quintilianus,</span> <span class='ocrx_word' id='word_1_222' title='bbox 562 3355 589 3417; x_wconf 91' lang='lat' dir='ltr'>si</span> <span class='ocrx_word' id='word_1_223' title='bbox 610 3355 734 3436; x_wconf 83' lang='lat' dir='ltr'>longior</span> <span class='ocrx_word' id='word_1_224' title='bbox 755 3354 938 3438; x_wconf 80' lang='lat' dir='ltr'>contigisset</span> <span class='ocrx_word' id='word_1_225' title='bbox 959 3361 1055 3434; x_wconf 91' lang='lat' dir='ltr'>aetas,</span> <span class='ocrx_word' id='word_1_226' title='bbox 1080 3355 1281 3441; x_wconf 87' lang='lat' dir='ltr'>clarissimum</span> 
     </span>
     <span class='ocr_line' id='line_1_29' title="bbox 181 3464 1283 3545; baseline 0 -17"><span class='ocrx_word' id='word_1_227' title='bbox 181 3467 321 3545; x_wconf 84' lang='lat' dir='ltr'>prolecto</span> <span class='ocrx_word' id='word_1_228' title='bbox 360 3483 472 3528; x_wconf 89' lang='lat' dir='ltr'>nomen</span> <span class='ocrx_word' id='word_1_229' title='bbox 506 3465 639 3540; x_wconf 83' lang='lat' dir='ltr'>oratoris</span> <span class='ocrx_word' id='word_1_230' title='bbox 673 3464 753 3545; x_wconf 91' lang='lat' dir='ltr'>apud</span> <span class='ocrx_word' id='word_1_231' title='bbox 780 3470 922 3545; x_wconf 90' lang='lat' dir='ltr'>posteros</span> <span class='ocrx_word' id='word_1_232' title='bbox 956 3465 1045 3531; x_wconf 90' lang='lat' dir='ltr'>soret.</span> <span class='ocrx_word' id='word_1_233' title='bbox 1104 3465 1283 3530; x_wconf 84' lang='lat' dir='ltr'>Adiecisset</span> 
     </span>
     <span class='ocr_line' id='line_1_30' title="bbox 183 3551 1281 3664; baseline 0 -30"><span class='ocrx_word' id='word_1_234' title='bbox 183 3573 274 3653; x_wconf 88' lang='lat' dir='ltr'>onim,</span> <span class='ocrx_word' id='word_1_235' title='bbox 295 3578 384 3653; x_wconf 90' lang='lat' dir='ltr'>atque</span> <span class='ocrx_word' id='word_1_236' title='bbox 405 3551 706 3637; x_wconf 45' lang='lat' dir='ltr'>adiiciebat&#39;ccteris</span> <span class='ocrx_word' id='word_1_237' title='bbox 720 3573 880 3664; x_wconf 89' lang='lat' dir='ltr'>virtutibus</span> <span class='ocrx_word' id='word_1_238' title='bbox 903 3573 978 3653; x_wconf 90' lang='lat' dir='ltr'>suis,</span> <span class='ocrx_word' id='word_1_239' title='bbox 1002 3574 1084 3655; x_wconf 82' lang='lat' dir='ltr'>(prod</span> <span class='ocrx_word' id='word_1_240' title='bbox 1108 3573 1281 3662; x_wconf 88' lang='lat' dir='ltr'>desiderari</span> 
     </span>
    </p>
   </div>
   <div class='ocr_carea' id='block_1_3' title="bbox 235 3849 761 4404">
    <p class='ocr_par' dir='ltr' id='par_1_3' title="bbox 236 3849 761 4114">
     <span class='ocr_line' id='line_1_31' title="bbox 236 3849 761 3926; baseline -0.004 -22"><span class='ocrx_word' id='word_1_241' title='bbox 236 3855 265 3923; x_wconf 87' lang='lat'>1)</span> <span class='ocrx_word' id='word_1_242' title='bbox 285 3851 381 3911; x_wconf 79' lang='lat' dir='ltr'>Euseir.</span> <span class='ocrx_word' id='word_1_243' title='bbox 403 3855 498 3906; x_wconf 80' lang='lat' dir='ltr'>Giton.</span> <span class='ocrx_word' id='word_1_244' title='bbox 519 3853 623 3926; x_wconf 78' lang='lat' dir='ltr'>olymp.</span> <span class='ocrx_word' id='word_1_245' title='bbox 644 3849 761 3906; x_wconf 80' lang='lat' dir='ltr'>CGXlll.</span> 
     </span>
     <span class='ocr_line' id='line_1_32' title="bbox 238 3924 758 4014; baseline -0.002 -12"><span class='ocrx_word' id='word_1_246' title='bbox 238 3951 270 4014; x_wconf 73' lang='lat' dir='ltr'>a)</span> <span class='ocrx_word' id='word_1_247' title='bbox 292 3949 357 4014; x_wconf 76' lang='lat' dir='ltr'>cap.</span> <span class='ocrx_word' id='word_1_248' title='bbox 377 3949 422 4002; x_wconf 77' lang='lat' dir='ltr'>aa.</span> <span class='ocrx_word' id='word_1_249' title='bbox 474 3997 477 4006; x_wconf 81' lang='grc'><em>,</em></span> <span class='ocrx_word' id='word_1_250' title='bbox 751 3924 758 3942; x_wconf 86' lang='grc'><em>’</em></span> 
     </span>
     <span class='ocr_line' id='line_1_33' title="bbox 236 4045 606 4114; baseline 0.005 -18"><span class='ocrx_word' id='word_1_251' title='bbox 236 4048 266 4114; x_wconf 76' lang='lat'>8)</span> <span class='ocrx_word' id='word_1_252' title='bbox 285 4045 379 4112; x_wconf 71' lang='lat' dir='ltr'>Panes.</span> <span class='ocrx_word' id='word_1_253' title='bbox 397 4048 418 4098; x_wconf 84' lang='lat'><em>8</em></span> <span class='ocrx_word' id='word_1_254' title='bbox 436 4045 464 4096; x_wconf 82' lang='lat' dir='ltr'>tn</span> <span class='ocrx_word' id='word_1_255' title='bbox 482 4045 606 4100; x_wconf 76' lang='lat' dir='ltr'>Esaiam.</span> 
     </span>
    </p>

    <p class='ocr_par' dir='ltr' id='par_1_4' title="bbox 235 4121 701 4404">
     <span class='ocr_line' id='line_1_34' title="bbox 235 4121 701 4213; baseline -0.002 -19"><span class='ocrx_word' id='word_1_256' title='bbox 235 4142 266 4213; x_wconf 78' lang='lat'>4)</span> <span class='ocrx_word' id='word_1_257' title='bbox 285 4121 423 4194; x_wconf 76' lang='lat' dir='ltr'>senesci.</span> <span class='ocrx_word' id='word_1_258' title='bbox 441 4135 491 4211; x_wconf 77' lang='lat' dir='ltr'>iv,</span> <span class='ocrx_word' id='word_1_259' title='bbox 512 4143 639 4195; x_wconf 75' lang='lat' dir='ltr'>Controu.</span> <span class='ocrx_word' id='word_1_260' title='bbox 657 4143 701 4196; x_wconf 73' lang='lat'>25.</span> 
     </span>
     <span class='ocr_line' id='line_1_35' title="bbox 236 4238 645 4307; baseline 0.007 -19"><span class='ocrx_word' id='word_1_261' title='bbox 236 4238 645 4307; x_wconf 47' lang='lat' dir='ltr'>mnmcapmms</span> 
     </span>
     <span class='ocr_line' id='line_1_36' title="bbox 236 4333 432 4404; baseline 0.005 -18"><span class='ocrx_word' id='word_1_262' title='bbox 236 4333 432 4404; x_wconf 59' lang='lat' dir='ltr'>QMQ½</span> 
     </span>
    </p>
   </div>
   <div class='ocr_carea' id='block_1_4' title="bbox 0 0 1576 5076">
    <p class='ocr_par' dir='ltr' id='par_1_5' title="bbox 0 0 1576 5076">
     <span class='ocr_line' id='line_1_37' title="bbox 0 0 1576 5076; baseline 0 0"><span class='ocrx_word' id='word_1_263' title='bbox 0 0 1576 5076; x_wconf 95' lang='lat' dir='ltr'> </span> 
     </span>
    </p>
   </div>
  </div>
 </body>
</html>
