<?xml version="1.0" encoding="UTF-8"?>
<!DOCTYPE html PUBLIC "-//W3C//DTD XHTML 1.0 Transitional//EN"
    "http://www.w3.org/TR/xhtml1/DTD/xhtml1-transitional.dtd">
<html xmlns="http://www.w3.org/1999/xhtml" xml:lang="en" lang="en">
 <head>
  <title>
</title>
<meta http-equiv="Content-Type" content="text/html;charset=utf-8" />
  <meta name='ocr-system' content='tesseract 3.04.00' />
  <meta name='ocr-capabilities' content='ocr_page ocr_carea ocr_par ocr_line ocrx_word'/>
</head>
<body>
  <div class='ocr_page' id='page_1' title='image "./degallorumorato00monngoog_0053.png"; bbox 0 0 3140 5076; ppageno 0'>
   <div class='ocr_carea' id='block_1_1' title="bbox 688 273 935 351">
    <p class='ocr_par' dir='ltr' id='par_1_1' title="bbox 688 273 935 351">
     <span class='ocr_line' id='line_1_1' title="bbox 688 273 935 351; baseline -0.012 -18"><span class='ocrx_word' id='word_1_1' title='bbox 688 273 935 351; x_wconf 73' lang='lat'>..45...</span> 
     </span>
    </p>
   </div>
   <div class='ocr_carea' id='block_1_2' title="bbox 262 471 1372 3285">
    <p class='ocr_par' dir='ltr' id='par_1_2' title="bbox 262 471 1361 994">
     <span class='ocr_line' id='line_1_2' title="bbox 264 471 1360 551; baseline -0.005 -10"><span class='ocrx_word' id='word_1_2' title='bbox 264 483 297 542; x_wconf 91' lang='lat' dir='ltr'>ut</span> <span class='ocrx_word' id='word_1_3' title='bbox 315 475 448 540; x_wconf 83' lang='lat' dir='ltr'>Ausonii</span> <span class='ocrx_word' id='word_1_4' title='bbox 470 473 574 538; x_wconf 88' lang='lat' dir='ltr'>verbis</span> <span class='ocrx_word' id='word_1_5' title='bbox 595 479 681 538; x_wconf 86' lang='lat' dir='ltr'>utar:</span> <span class='ocrx_word' id='word_1_6' title='bbox 703 473 784 536; x_wconf 92' lang='lat' dir='ltr'>bano</span> <span class='ocrx_word' id='word_1_7' title='bbox 806 473 886 535; x_wconf 89' lang='lat' dir='ltr'>enirn</span> <span class='ocrx_word' id='word_1_8' title='bbox 909 478 939 536; x_wconf 88' lang='lat' dir='ltr'>et</span> <span class='ocrx_word' id='word_1_9' title='bbox 961 472 1037 536; x_wconf 89' lang='lat' dir='ltr'>alias</span> <span class='ocrx_word' id='word_1_10' title='bbox 1051 471 1275 551; x_wconf 84' lang='lat' dir='ltr'>huiuscemodi,</span> <span class='ocrx_word' id='word_1_11' title='bbox 1298 488 1360 536; x_wconf 86' lang='lat' dir='ltr'>no-</span> 
     </span>
     <span class='ocr_line' id='line_1_3' title="bbox 265 576 1361 666; baseline -0.005 -16"><span class='ocrx_word' id='word_1_12' title='bbox 265 593 396 650; x_wconf 84' lang='lat' dir='ltr'>strarum</span> <span class='ocrx_word' id='word_1_13' title='bbox 418 585 647 666; x_wconf 83' lang='lat' dir='ltr'>universitatum</span> <span class='ocrx_word' id='word_1_14' title='bbox 672 583 788 662; x_wconf 92' lang='lat' dir='ltr'>instar,</span> <span class='ocrx_word' id='word_1_15' title='bbox 823 576 950 648; x_wconf 87' lang='lat' dir='ltr'>invenes</span> <span class='ocrx_word' id='word_1_16' title='bbox 985 588 1142 664; x_wconf 88' lang='lat' dir='ltr'>praetexta</span> <span class='ocrx_word' id='word_1_17' title='bbox 1174 581 1272 645; x_wconf 92' lang='lat' dir='ltr'>induti</span> <span class='ocrx_word' id='word_1_18' title='bbox 1294 582 1361 645; x_wconf 91' lang='lat' dir='ltr'>fre-</span> 
     </span>
     <span class='ocr_line' id='line_1_4' title="bbox 265 691 1357 777; baseline -0.005 -18"><span class='ocrx_word' id='word_1_19' title='bbox 265 696 450 777; x_wconf 81' lang='lat' dir='ltr'>‹prentabant</span> <span class='ocrx_word' id='word_1_20' title='bbox 466 701 502 773; x_wconf 87' lang='lat'>¹).</span> <span class='ocrx_word' id='word_1_21' title='bbox 545 693 621 756; x_wconf 86' lang='lat' dir='ltr'>Eam</span> <span class='ocrx_word' id='word_1_22' title='bbox 642 691 789 773; x_wconf 90' lang='lat' dir='ltr'>scholam,</span> <span class='ocrx_word' id='word_1_23' title='bbox 812 691 945 756; x_wconf 82' lang='lat' dir='ltr'><strong>illustres</strong></span> <span class='ocrx_word' id='word_1_24' title='bbox 969 693 1035 756; x_wconf 91' lang='lat' dir='ltr'>eius</span> <span class='ocrx_word' id='word_1_25' title='bbox 1057 693 1198 756; x_wconf 80' lang='lat' dir='ltr'><strong>rhetores</strong></span> <span class='ocrx_word' id='word_1_26' title='bbox 1213 698 1244 756; x_wconf 92' lang='lat' dir='ltr'>et</span> <span class='ocrx_word' id='word_1_27' title='bbox 1255 692 1357 756; x_wconf 89' lang='lat' dir='ltr'>disci-</span> 
     </span>
     <span class='ocr_line' id='line_1_5' title="bbox 262 801 1358 888; baseline -0.003 -20"><span class='ocrx_word' id='word_1_28' title='bbox 262 806 361 888; x_wconf 88' lang='lat' dir='ltr'>pulos,</span> <span class='ocrx_word' id='word_1_29' title='bbox 383 805 444 868; x_wconf 91' lang='lat' dir='ltr'>iam</span> <span class='ocrx_word' id='word_1_30' title='bbox 466 804 498 867; x_wconf 95' lang='lat' dir='ltr'>in</span> <span class='ocrx_word' id='word_1_31' title='bbox 520 803 747 886; x_wconf 84' lang='lat' dir='ltr'>magistratibus</span> <span class='ocrx_word' id='word_1_32' title='bbox 770 809 800 865; x_wconf 89' lang='lat' dir='ltr'>et</span> <span class='ocrx_word' id='word_1_33' title='bbox 822 803 923 866; x_wconf 88' lang='lat' dir='ltr'>causis</span> <span class='ocrx_word' id='word_1_34' title='bbox 947 801 1087 866; x_wconf 86' lang='lat' dir='ltr'>dicendis</span> <span class='ocrx_word' id='word_1_35' title='bbox 1106 803 1218 883; x_wconf 87' lang='lat' dir='ltr'>claros,</span> <span class='ocrx_word' id='word_1_36' title='bbox 1241 802 1358 869; x_wconf 86' lang='lat' dir='ltr'>Mosel-</span> 
     </span>
     <span class='ocr_line' id='line_1_6' title="bbox 263 911 922 994; baseline -0.006 -17"><span class='ocrx_word' id='word_1_37' title='bbox 263 914 322 978; x_wconf 90' lang='lat' dir='ltr'>lam</span> <span class='ocrx_word' id='word_1_38' title='bbox 345 913 515 994; x_wconf 90' lang='lat' dir='ltr'>alloquens,</span> <span class='ocrx_word' id='word_1_39' title='bbox 539 911 693 974; x_wconf 77' lang='lat' dir='ltr'>collaudat</span> <span class='ocrx_word' id='word_1_40' title='bbox 714 911 795 974; x_wconf 89' lang='lat' dir='ltr'>idem</span> <span class='ocrx_word' id='word_1_41' title='bbox 817 918 922 982; x_wconf 85' lang='lat' dir='ltr'>vates:</span> 
     </span>
    </p>

    <p class='ocr_par' dir='ltr' id='par_1_3' title="bbox 263 1020 1372 1320">
     <span class='ocr_line' id='line_1_7' title="bbox 404 1020 1228 1103; baseline 0 -19"><span class='ocrx_word' id='word_1_42' title='bbox 404 1021 533 1084; x_wconf 80' lang='lat' dir='ltr'>Aemula</span> <span class='ocrx_word' id='word_1_43' title='bbox 553 1026 584 1084; x_wconf 90' lang='lat' dir='ltr'>te</span> <span class='ocrx_word' id='word_1_44' title='bbox 605 1021 709 1084; x_wconf 87' lang='lat' dir='ltr'>Latiae</span> <span class='ocrx_word' id='word_1_45' title='bbox 732 1020 860 1084; x_wconf 78' lang='lat' dir='ltr'>decorat</span> <span class='ocrx_word' id='word_1_46' title='bbox 887 1021 1031 1084; x_wconf 81' lang='lat' dir='ltr'>facundia</span> <span class='ocrx_word' id='word_1_47' title='bbox 1056 1020 1228 1103; x_wconf 63' lang='lat' dir='ltr'>linguam).</span> 
     </span>
     <span class='ocr_line' id='line_1_8' title="bbox 263 1128 1372 1213; baseline -0.009 -17"><span class='ocrx_word' id='word_1_48' title='bbox 263 1132 391 1213; x_wconf 81' lang='lat' dir='ltr'>Tempus</span> <span class='ocrx_word' id='word_1_49' title='bbox 406 1129 590 1211; x_wconf 88' lang='lat' dir='ltr'>praevidens</span> <span class='ocrx_word' id='word_1_50' title='bbox 605 1145 674 1210; x_wconf 85' lang='lat' dir='ltr'>¹quo</span> <span class='ocrx_word' id='word_1_51' title='bbox 695 1145 792 1206; x_wconf 73' lang='lat' dir='ltr'>senen</span> <span class='ocrx_word' id='word_1_52' title='bbox 813 1129 867 1192; x_wconf 91' lang='lat' dir='ltr'>otii</span> <span class='ocrx_word' id='word_1_53' title='bbox 883 1147 972 1196; x_wconf 89' lang='lat' dir='ltr'>curas</span> <span class='ocrx_word' id='word_1_54' title='bbox 994 1128 1104 1193; x_wconf 89' lang='lat' dir='ltr'>studiis</span> <span class='ocrx_word' id='word_1_55' title='bbox 1116 1129 1268 1210; x_wconf 88' lang='lat' dir='ltr'>mulcebit,</span> <span class='ocrx_word' id='word_1_56' title='bbox 1287 1147 1372 1192; x_wconf 77' lang='lat' dir='ltr'>car..</span> 
     </span>
     <span class='ocr_line' id='line_1_9' title="bbox 264 1235 1159 1320; baseline -0.003 -17"><span class='ocrx_word' id='word_1_57' title='bbox 264 1240 456 1320; x_wconf 89' lang='lat' dir='ltr'>minibusque</span> <span class='ocrx_word' id='word_1_58' title='bbox 477 1238 595 1319; x_wconf 91' lang='lat' dir='ltr'>patrios</span> <span class='ocrx_word' id='word_1_59' title='bbox 620 1235 789 1301; x_wconf 77' lang='lat' dir='ltr'>celebrabit</span> <span class='ocrx_word' id='word_1_60' title='bbox 809 1236 956 1318; x_wconf 89' lang='lat' dir='ltr'>honores,</span> <span class='ocrx_word' id='word_1_61' title='bbox 981 1237 1159 1302; x_wconf 77' lang='lat' dir='ltr'>exclamat.-</span> 
     </span>
    </p>

    <p class='ocr_par' dir='ltr' id='par_1_4' title="bbox 390 1347 1291 1430">
     <span class='ocr_line' id='line_1_10' title="bbox 390 1347 1291 1430; baseline 0.002 -20"><span class='ocrx_word' id='word_1_62' title='bbox 390 1349 465 1424; x_wconf 83' lang='lat' dir='ltr'>Quis</span> <span class='ocrx_word' id='word_1_63' title='bbox 488 1348 562 1410; x_wconf 91' lang='lat' dir='ltr'>mihi</span> <span class='ocrx_word' id='word_1_64' title='bbox 583 1353 645 1410; x_wconf 94' lang='lat' dir='ltr'>tum</span> <span class='ocrx_word' id='word_1_65' title='bbox 667 1365 730 1410; x_wconf 94' lang='lat' dir='ltr'>non</span> <span class='ocrx_word' id='word_1_66' title='bbox 744 1347 843 1412; x_wconf 90' lang='lat' dir='ltr'>dietus</span> <span class='ocrx_word' id='word_1_67' title='bbox 865 1348 948 1411; x_wconf 85' lang='lat' dir='ltr'>erit‘l</span> <span class='ocrx_word' id='word_1_68' title='bbox 971 1349 1148 1413; x_wconf 91' lang='lat' dir='ltr'>memorabo</span> <span class='ocrx_word' id='word_1_69' title='bbox 1172 1349 1291 1430; x_wconf 87' lang='lat' dir='ltr'>quietos</span> 
     </span>
    </p>

    <p class='ocr_par' dir='ltr' id='par_1_5' title="bbox 389 1443 1212 1540">
     <span class='ocr_line' id='line_1_11' title="bbox 389 1443 1212 1540; baseline 0.005 -22"><span class='ocrx_word' id='word_1_70' title='bbox 389 1455 574 1539; x_wconf 62' lang='lat' dir='ltr'>Agricolam</span> <span class='ocrx_word' id='word_1_71' title='bbox 596 1456 759 1539; x_wconf 72' lang='lat' dir='ltr'>legumque</span> <span class='ocrx_word' id='word_1_72' title='bbox 784 1463 881 1537; x_wconf 90' lang='lat' dir='ltr'>catos,</span> <span class='ocrx_word' id='word_1_73' title='bbox 904 1458 1050 1540; x_wconf 91' lang='lat' dir='ltr'>fandique</span> <span class='ocrx_word' id='word_1_74' title='bbox 1069 1443 1212 1540; x_wconf 84' lang='lat' dir='ltr'>potentes</span> 
     </span>
    </p>

    <p class='ocr_par' dir='ltr' id='par_1_6' title="bbox 391 1565 1192 1648">
     <span class='ocr_line' id='line_1_12' title="bbox 391 1565 1192 1648; baseline 0.002 -20"><span class='ocrx_word' id='word_1_75' title='bbox 391 1565 581 1629; x_wconf 85' lang='lat' dir='ltr'>Praesidium</span> <span class='ocrx_word' id='word_1_76' title='bbox 594 1565 723 1629; x_wconf 92' lang='lat' dir='ltr'>sublime</span> <span class='ocrx_word' id='word_1_77' title='bbox 744 1567 825 1648; x_wconf 80' lang='lat' dir='ltr'>reis3</span> <span class='ocrx_word' id='word_1_78' title='bbox 848 1584 925 1648; x_wconf 87' lang='lat' dir='ltr'>quos</span> <span class='ocrx_word' id='word_1_79' title='bbox 949 1567 1035 1633; x_wconf 91' lang='lat' dir='ltr'>curia</span> <span class='ocrx_word' id='word_1_80' title='bbox 1057 1585 1192 1632; x_wconf 91' lang='lat' dir='ltr'>summos</span> 
     </span>
    </p>

    <p class='ocr_par' dir='ltr' id='par_1_7' title="bbox 392 1672 1249 1758">
     <span class='ocr_line' id='line_1_13' title="bbox 392 1672 1249 1758; baseline 0 -20"><span class='ocrx_word' id='word_1_81' title='bbox 392 1675 576 1756; x_wconf 89' lang='lat' dir='ltr'>llunicipum</span> <span class='ocrx_word' id='word_1_82' title='bbox 591 1672 670 1739; x_wconf 87' lang='lat' dir='ltr'>vidit</span> <span class='ocrx_word' id='word_1_83' title='bbox 684 1693 841 1756; x_wconf 90' lang='lat' dir='ltr'>proceres,</span> <span class='ocrx_word' id='word_1_84' title='bbox 862 1678 1079 1758; x_wconf 89' lang='lat' dir='ltr'>propriumque</span> <span class='ocrx_word' id='word_1_85' title='bbox 1100 1683 1249 1741; x_wconf 89' lang='lat' dir='ltr'>senatum.</span> 
     </span>
    </p>

    <p class='ocr_par' dir='ltr' id='par_1_8' title="bbox 299 1765 1105 1865">
     <span class='ocr_line' id='line_1_14' title="bbox 299 1765 1105 1865; baseline 0.001 -19"><span class='ocrx_word' id='word_1_86' title='bbox 299 1765 303 1772; x_wconf 53' lang='grc'><em>’</em></span> <span class='ocrx_word' id='word_1_87' title='bbox 389 1785 473 1859; x_wconf 86' lang='lat' dir='ltr'>Quos</span> <span class='ocrx_word' id='word_1_88' title='bbox 502 1783 682 1865; x_wconf 86' lang='lat' dir='ltr'>praetextati</span> <span class='ocrx_word' id='word_1_89' title='bbox 713 1784 844 1849; x_wconf 90' lang='lat' dir='ltr'>celebris</span> <span class='ocrx_word' id='word_1_90' title='bbox 867 1785 1012 1852; x_wconf 84' lang='lat' dir='ltr'>facundia</span> <span class='ocrx_word' id='word_1_91' title='bbox 1042 1785 1105 1849; x_wconf 92' lang='lat' dir='ltr'>ludi</span> 
     </span>
    </p>

    <p class='ocr_par' dir='ltr' id='par_1_9' title="bbox 392 1892 1162 1974">
     <span class='ocr_line' id='line_1_15' title="bbox 392 1892 1162 1974; baseline 0.003 -20"><span class='ocrx_word' id='word_1_92' title='bbox 392 1893 525 1956; x_wconf 86' lang='lat' dir='ltr'>Contulit</span> <span class='ocrx_word' id='word_1_93' title='bbox 548 1893 586 1956; x_wconf 92' lang='lat' dir='ltr'>ad</span> <span class='ocrx_word' id='word_1_94' title='bbox 609 1892 723 1957; x_wconf 89' lang='lat' dir='ltr'>veteris</span> <span class='ocrx_word' id='word_1_95' title='bbox 745 1894 913 1974; x_wconf 89' lang='lat' dir='ltr'>praeconia</span> <span class='ocrx_word' id='word_1_96' title='bbox 936 1894 1114 1970; x_wconf 84' lang='lat' dir='ltr'>Quintiliani</span> <span class='ocrx_word' id='word_1_97' title='bbox 1125 1897 1162 1972; x_wconf 81' lang='lat'>³).</span> 
     </span>
    </p>

    <p class='ocr_par' dir='ltr' id='par_1_10' title="bbox 264 2001 1364 2847">
     <span class='ocr_line' id='line_1_16' title="bbox 367 2001 1360 2085; baseline 0 -21"><span class='ocrx_word' id='word_1_98' title='bbox 367 2002 435 2082; x_wconf 91' lang='lat' dir='ltr'>lpse</span> <span class='ocrx_word' id='word_1_99' title='bbox 458 2001 614 2066; x_wconf 85' lang='lat' dir='ltr'>Ausonius</span> <span class='ocrx_word' id='word_1_100' title='bbox 653 2003 787 2068; x_wconf 69' lang='lat' dir='ltr'>&#39;lieviris</span> <span class='ocrx_word' id='word_1_101' title='bbox 819 2002 872 2066; x_wconf 89' lang='lat' dir='ltr'>diu</span> <span class='ocrx_word' id='word_1_102' title='bbox 903 2002 1040 2085; x_wconf 84' lang='lat' dir='ltr'>degens,</span> <span class='ocrx_word' id='word_1_103' title='bbox 1078 2003 1121 2066; x_wconf 89' lang='lat' dir='ltr'>uti</span> <span class='ocrx_word' id='word_1_104' title='bbox 1159 2001 1360 2078; x_wconf 84' lang='lat' dir='ltr'>narrabimus,</span> 
     </span>
     <span class='ocr_line' id='line_1_17' title="bbox 266 2110 1359 2188; baseline -0.002 -14"><span class='ocrx_word' id='word_1_105' title='bbox 266 2110 332 2174; x_wconf 90' lang='lat' dir='ltr'>eius</span> <span class='ocrx_word' id='word_1_106' title='bbox 368 2111 432 2174; x_wconf 93' lang='lat' dir='ltr'>ludi</span> <span class='ocrx_word' id='word_1_107' title='bbox 462 2111 675 2188; x_wconf 85' lang='lat' dir='ltr'>celebritatem</span> <span class='ocrx_word' id='word_1_108' title='bbox 705 2112 797 2178; x_wconf 86' lang='lat' dir='ltr'>auxit.</span> <span class='ocrx_word' id='word_1_109' title='bbox 851 2113 916 2176; x_wconf 92' lang='lat' dir='ltr'>Nec</span> <span class='ocrx_word' id='word_1_110' title='bbox 953 2111 1150 2175; x_wconf 91' lang='lat' dir='ltr'>omittendum</span> <span class='ocrx_word' id='word_1_111' title='bbox 1192 2111 1252 2175; x_wconf 92' lang='lat' dir='ltr'>boo</span> <span class='ocrx_word' id='word_1_112' title='bbox 1289 2111 1359 2174; x_wconf 92' lang='lat' dir='ltr'>loco</span> 
     </span>
     <span class='ocr_line' id='line_1_18' title="bbox 264 2219 1361 2303; baseline -0.002 -19"><span class='ocrx_word' id='word_1_113' title='bbox 264 2219 415 2284; x_wconf 77' lang='lat' dir='ltr'>lactantii</span> <span class='ocrx_word' id='word_1_114' title='bbox 436 2240 558 2302; x_wconf 90' lang='lat' dir='ltr'>nomen,</span> <span class='ocrx_word' id='word_1_115' title='bbox 582 2223 766 2303; x_wconf 81' lang='lat' dir='ltr'>,Christiani</span> <span class='ocrx_word' id='word_1_116' title='bbox 790 2222 977 2301; x_wconf 81' lang='lat' dir='ltr'>Ciceronis“,</span> <span class='ocrx_word' id='word_1_117' title='bbox 1010 2223 1056 2285; x_wconf 91' lang='lat' dir='ltr'>sio</span> <span class='ocrx_word' id='word_1_118' title='bbox 1078 2222 1159 2285; x_wconf 92' lang='lat' dir='ltr'>enim</span> <span class='ocrx_word' id='word_1_119' title='bbox 1182 2222 1361 2298; x_wconf 89' lang='lat' dir='ltr'>vocabatur,</span> 
     </span>
     <span class='ocr_line' id='line_1_19' title="bbox 264 2311 1364 2414; baseline 0.002 -22"><span class='ocrx_word' id='word_1_120' title='bbox 264 2331 315 2410; x_wconf 90' lang='lat' dir='ltr'>qui</span> <span class='ocrx_word' id='word_1_121' title='bbox 337 2331 545 2395; x_wconf 87' lang='lat' dir='ltr'>verisimiliter</span> <span class='ocrx_word' id='word_1_122' title='bbox 578 2332 610 2393; x_wconf 93' lang='lat' dir='ltr'>in</span> <span class='ocrx_word' id='word_1_123' title='bbox 631 2331 739 2400; x_wconf 85' lang='lat' dir='ltr'>Africa</span> <span class='ocrx_word' id='word_1_124' title='bbox 772 2338 878 2411; x_wconf 85' lang='lat' dir='ltr'>natus,</span> <span class='ocrx_word' id='word_1_125' title='bbox 913 2335 1073 2414; x_wconf 89' lang='lat' dir='ltr'>antequam</span> <span class='ocrx_word' id='word_1_126' title='bbox 1105 2311 1196 2394; x_wconf 82' lang='lat' dir='ltr'>iidem</span> <span class='ocrx_word' id='word_1_127' title='bbox 1219 2330 1364 2394; x_wconf 89' lang='lat' dir='ltr'>christia-</span> 
     </span>
     <span class='ocr_line' id='line_1_20' title="bbox 264 2437 1362 2521; baseline -0.001 -20"><span class='ocrx_word' id='word_1_128' title='bbox 264 2457 334 2502; x_wconf 91' lang='lat' dir='ltr'>nam</span> <span class='ocrx_word' id='word_1_129' title='bbox 358 2440 603 2521; x_wconf 84' lang='lat' dir='ltr'>amplecteretur,</span> <span class='ocrx_word' id='word_1_130' title='bbox 625 2439 826 2504; x_wconf 76' lang='lat' dir='ltr'>Nicomediae</span> <span class='ocrx_word' id='word_1_131' title='bbox 848 2440 1035 2504; x_wconf 89' lang='lat' dir='ltr'>rhetoricam</span> <span class='ocrx_word' id='word_1_132' title='bbox 1058 2439 1182 2503; x_wconf 89' lang='lat' dir='ltr'>latinam</span> <span class='ocrx_word' id='word_1_133' title='bbox 1204 2437 1362 2520; x_wconf 87' lang='lat' dir='ltr'>professus</span> 
     </span>
     <span class='ocr_line' id='line_1_21' title="bbox 265 2546 1362 2630; baseline -0.001 -21"><span class='ocrx_word' id='word_1_134' title='bbox 265 2552 322 2626; x_wconf 88' lang='lat' dir='ltr'>est,</span> <span class='ocrx_word' id='word_1_135' title='bbox 345 2547 427 2610; x_wconf 92' lang='lat' dir='ltr'>unde</span> <span class='ocrx_word' id='word_1_136' title='bbox 450 2549 482 2609; x_wconf 92' lang='lat' dir='ltr'>in</span> <span class='ocrx_word' id='word_1_137' title='bbox 499 2548 612 2626; x_wconf 86' lang='lat' dir='ltr'>Gallias</span> <span class='ocrx_word' id='word_1_138' title='bbox 627 2555 766 2628; x_wconf 89' lang='lat' dir='ltr'>vocatus,</span> <span class='ocrx_word' id='word_1_139' title='bbox 788 2555 824 2610; x_wconf 93' lang='lat' dir='ltr'>ut</span> <span class='ocrx_word' id='word_1_140' title='bbox 838 2548 1027 2612; x_wconf 87' lang='lat' dir='ltr'>Constantini</span> <span class='ocrx_word' id='word_1_141' title='bbox 1050 2549 1247 2630; x_wconf 86' lang='lat' dir='ltr'>Imperatoris</span> <span class='ocrx_word' id='word_1_142' title='bbox 1270 2546 1362 2610; x_wconf 79' lang='lat' dir='ltr'>filium</span> 
     </span>
     <span class='ocr_line' id='line_1_22' title="bbox 265 2653 1361 2740; baseline 0 -21"><span class='ocrx_word' id='word_1_143' title='bbox 265 2653 403 2737; x_wconf 83' lang='lat' dir='ltr'>Crispum</span> <span class='ocrx_word' id='word_1_144' title='bbox 424 2657 579 2738; x_wconf 88' lang='lat' dir='ltr'>educaret,</span> <span class='ocrx_word' id='word_1_145' title='bbox 603 2658 709 2740; x_wconf 93' lang='lat' dir='ltr'>procul</span> <span class='ocrx_word' id='word_1_146' title='bbox 732 2657 825 2722; x_wconf 88' lang='lat' dir='ltr'>dubio</span> <span class='ocrx_word' id='word_1_147' title='bbox 839 2659 1002 2723; x_wconf 82' lang='lat' dir='ltr'>Treverioa</span> <span class='ocrx_word' id='word_1_148' title='bbox 1017 2659 1048 2722; x_wconf 88' lang='lat' dir='ltr'>in</span> <span class='ocrx_word' id='word_1_149' title='bbox 1070 2657 1148 2721; x_wconf 93' lang='lat' dir='ltr'>urbe</span> <span class='ocrx_word' id='word_1_150' title='bbox 1168 2658 1254 2738; x_wconf 85' lang='lat' dir='ltr'>vixit,</span> <span class='ocrx_word' id='word_1_151' title='bbox 1278 2657 1361 2720; x_wconf 88' lang='lat' dir='ltr'>scri-</span> 
     </span>
     <span class='ocr_line' id='line_1_23' title="bbox 264 2763 977 2847; baseline 0.003 -17"><span class='ocrx_word' id='word_1_152' title='bbox 264 2766 324 2846; x_wconf 87' lang='lat' dir='ltr'>psit</span> <span class='ocrx_word' id='word_1_153' title='bbox 345 2772 375 2830; x_wconf 91' lang='lat' dir='ltr'>et</span> <span class='ocrx_word' id='word_1_154' title='bbox 397 2773 533 2830; x_wconf 88' lang='lat' dir='ltr'>mortuus</span> <span class='ocrx_word' id='word_1_155' title='bbox 555 2770 650 2847; x_wconf 68' lang='lat' dir='ltr'>esti).</span> <span class='ocrx_word' id='word_1_156' title='bbox 975 2763 977 2768; x_wconf 77' lang='grc'><strong>’</strong></span> 
     </span>
    </p>

    <p class='ocr_par' dir='ltr' id='par_1_11' title="bbox 264 2873 1364 3285">
     <span class='ocr_line' id='line_1_24' title="bbox 365 2873 1361 2962; baseline -0.003 -23"><span class='ocrx_word' id='word_1_157' title='bbox 365 2873 527 2941; x_wconf 83' lang='lat' dir='ltr'>Gratianus</span> <span class='ocrx_word' id='word_1_158' title='bbox 547 2883 665 2958; x_wconf 86' lang='lat' dir='ltr'>postea,</span> <span class='ocrx_word' id='word_1_159' title='bbox 690 2893 780 2959; x_wconf 93' lang='lat' dir='ltr'>quum</span> <span class='ocrx_word' id='word_1_160' title='bbox 801 2878 900 2941; x_wconf 91' lang='lat' dir='ltr'>adhuc</span> <span class='ocrx_word' id='word_1_161' title='bbox 919 2879 1075 2960; x_wconf 80' lang='lat' dir='ltr'>Augustus</span> <span class='ocrx_word' id='word_1_162' title='bbox 1097 2881 1189 2955; x_wconf 87' lang='lat' dir='ltr'>esset,</span> <span class='ocrx_word' id='word_1_163' title='bbox 1203 2873 1361 2962; x_wconf 86' lang='lat' dir='ltr'>peculiari</span> 
     </span>
     <span class='ocr_line' id='line_1_25' title="bbox 265 2983 1363 3074; baseline -0.003 -26"><span class='ocrx_word' id='word_1_164' title='bbox 265 3000 369 3050; x_wconf 89' lang='lat' dir='ltr'>amore</span> <span class='ocrx_word' id='word_1_165' title='bbox 392 2985 504 3050; x_wconf 86' lang='lat' dir='ltr'>Gallias</span> <span class='ocrx_word' id='word_1_166' title='bbox 529 2986 747 3074; x_wconf 87' lang='lat' dir='ltr'>Gallorumque</span> <span class='ocrx_word' id='word_1_167' title='bbox 773 2986 875 3050; x_wconf 91' lang='lat' dir='ltr'>studia</span> <span class='ocrx_word' id='word_1_168' title='bbox 898 2993 1100 3068; x_wconf 87' lang='lat' dir='ltr'>prosecutus,</span> <span class='ocrx_word' id='word_1_169' title='bbox 1135 3003 1216 3049; x_wconf 88' lang='lat' dir='ltr'>nova</span> <span class='ocrx_word' id='word_1_170' title='bbox 1245 2983 1363 3048; x_wconf 89' lang='lat' dir='ltr'>consti-</span> 
     </span>
     <span class='ocr_line' id='line_1_26' title="bbox 264 3094 1364 3178; baseline 0.001 -21"><span class='ocrx_word' id='word_1_171' title='bbox 264 3096 381 3158; x_wconf 88' lang='lat' dir='ltr'>tutione</span> <span class='ocrx_word' id='word_1_172' title='bbox 391 3100 418 3172; x_wconf 72' lang='grc'>5)</span> <span class='ocrx_word' id='word_1_173' title='bbox 447 3096 677 3178; x_wconf 89' lang='lat' dir='ltr'>professorum,</span> <span class='ocrx_word' id='word_1_174' title='bbox 709 3113 819 3176; x_wconf 90' lang='lat' dir='ltr'>nempe</span> <span class='ocrx_word' id='word_1_175' title='bbox 852 3096 1008 3160; x_wconf 90' lang='lat' dir='ltr'>rhetorum</span> <span class='ocrx_word' id='word_1_176' title='bbox 1040 3102 1070 3159; x_wconf 92' lang='lat' dir='ltr'>et</span> <span class='ocrx_word' id='word_1_177' title='bbox 1095 3094 1364 3178; x_wconf 79' lang='lat' dir='ltr'>grammaticorum</span> 
     </span>
     <span class='ocr_line' id='line_1_27' title="bbox 265 3203 1364 3285; baseline 0.002 -19"><span class='ocrx_word' id='word_1_178' title='bbox 265 3204 386 3266; x_wconf 85' lang='lat' dir='ltr'>Atticae</span> <span class='ocrx_word' id='word_1_179' title='bbox 407 3205 625 3284; x_wconf 86' lang='lat' dir='ltr'>Romanaeque</span> <span class='ocrx_word' id='word_1_180' title='bbox 647 3204 818 3284; x_wconf 91' lang='lat' dir='ltr'>doctrinae,</span> <span class='ocrx_word' id='word_1_181' title='bbox 846 3205 1102 3285; x_wconf 86' lang='lat' dir='ltr'>frequentissimis</span> <span class='ocrx_word' id='word_1_182' title='bbox 1123 3205 1155 3268; x_wconf 94' lang='lat' dir='ltr'>in</span> <span class='ocrx_word' id='word_1_183' title='bbox 1178 3203 1364 3282; x_wconf 83' lang='lat' dir='ltr'>civitatibus,</span> 
     </span>
    </p>
   </div>
   <div class='ocr_carea' id='block_1_3' title="bbox 264 3341 581 3359">
    <p class='ocr_par' dir='ltr' id='par_1_12' title="bbox 264 3341 581 3359">
     <span class='ocr_line' id='line_1_28' title="bbox 264 3341 581 3359; baseline 0.003 -4"><span class='ocrx_word' id='word_1_184' title='bbox 264 3341 581 3359; x_wconf 56' lang='grc' dir='ltr'><em>Ἣ</em></span> 
     </span>
    </p>
   </div>
   <div class='ocr_carea' id='block_1_4' title="bbox 320 3427 1301 3773">
    <p class='ocr_par' dir='ltr' id='par_1_13' title="bbox 320 3427 1301 3773">
     <span class='ocr_line' id='line_1_29' title="bbox 320 3427 915 3496; baseline 0.012 -18"><span class='ocrx_word' id='word_1_185' title='bbox 320 3427 350 3495; x_wconf 83' lang='grc'>1)</span> <span class='ocrx_word' id='word_1_186' title='bbox 373 3429 510 3484; x_wconf 78' lang='lat' dir='ltr'>Arasonlus</span> <span class='ocrx_word' id='word_1_187' title='bbox 531 3431 564 3480; x_wconf 90' lang='lat' dir='ltr'>de</span> <span class='ocrx_word' id='word_1_188' title='bbox 585 3433 763 3495; x_wconf 82' lang='lat' dir='ltr'>grammatico</span> <span class='ocrx_word' id='word_1_189' title='bbox 785 3434 915 3496; x_wconf 85' lang='lat' dir='ltr'>quodam:</span> 
     </span>
     <span class='ocr_line' id='line_1_30' title="bbox 463 3527 1255 3598; baseline 0.001 -17"><span class='ocrx_word' id='word_1_190' title='bbox 463 3530 531 3581; x_wconf 78' lang='lat' dir='ltr'>nox</span> <span class='ocrx_word' id='word_1_191' title='bbox 547 3527 643 3577; x_wconf 79' lang='lat' dir='ltr'>ecbola</span> <span class='ocrx_word' id='word_1_192' title='bbox 661 3530 688 3579; x_wconf 89' lang='lat' dir='ltr'>et</span> <span class='ocrx_word' id='word_1_193' title='bbox 710 3530 815 3580; x_wconf 87' lang='lat' dir='ltr'>auditor</span> <span class='ocrx_word' id='word_1_194' title='bbox 831 3529 942 3598; x_wconf 86' lang='lat' dir='ltr'>rnrrltus,</span> <span class='ocrx_word' id='word_1_195' title='bbox 959 3535 1152 3598; x_wconf 59' lang='lat' dir='ltr'>praelatoque</span> <span class='ocrx_word' id='word_1_196' title='bbox 1170 3531 1255 3595; x_wconf 82' lang='lat' dir='ltr'>pubes</span> 
     </span>
     <span class='ocr_line' id='line_1_31' title="bbox 498 3614 1073 3684; baseline 0.003 -18"><span class='ocrx_word' id='word_1_197' title='bbox 498 3614 673 3684; x_wconf 74' lang='lat' dir='ltr'>Grammatici</span> <span class='ocrx_word' id='word_1_198' title='bbox 692 3626 791 3668; x_wconf 87' lang='lat' dir='ltr'>nomen</span> <span class='ocrx_word' id='word_1_199' title='bbox 808 3617 969 3682; x_wconf 84' lang='lat' dir='ltr'>divttlasqne</span> <span class='ocrx_word' id='word_1_200' title='bbox 989 3619 1073 3684; x_wconf 78' lang='lat' dir='ltr'>dedit3</span> 
     </span>
     <span class='ocr_line' id='line_1_32' title="bbox 965 3693 1301 3773; baseline 0.003 -18"><span class='ocrx_word' id='word_1_201' title='bbox 965 3693 1098 3768; x_wconf 69' lang='lat' dir='ltr'>(Profess.</span> <span class='ocrx_word' id='word_1_202' title='bbox 1117 3706 1205 3772; x_wconf 82' lang='lat' dir='ltr'>xvlu,</span> <span class='ocrx_word' id='word_1_203' title='bbox 1224 3705 1251 3773; x_wconf 78' lang='lat'>7,</span> <span class='ocrx_word' id='word_1_204' title='bbox 1269 3707 1301 3770; x_wconf 81' lang='grc' dir='ltr'>Θ)</span> 
     </span>
    </p>
   </div>
   <div class='ocr_carea' id='block_1_5' title="bbox 313 3795 1363 4397">
    <p class='ocr_par' dir='ltr' id='par_1_14' title="bbox 362 3795 1363 4043">
     <span class='ocr_line' id='line_1_33' title="bbox 363 3795 1363 3870; baseline 0.001 -21"><span class='ocrx_word' id='word_1_205' title='bbox 363 3800 391 3849; x_wconf 89' lang='lat' dir='ltr'>et</span> <span class='ocrx_word' id='word_1_206' title='bbox 409 3795 505 3850; x_wconf 81' lang='lat' dir='ltr'>Cicero</span> <span class='ocrx_word' id='word_1_207' title='bbox 527 3799 641 3851; x_wconf 83' lang='lat' dir='ltr'>Hirtium</span> <span class='ocrx_word' id='word_1_208' title='bbox 659 3804 687 3852; x_wconf 88' lang='lat' dir='ltr'>et</span> <span class='ocrx_word' id='word_1_209' title='bbox 701 3802 835 3870; x_wconf 80' lang='lat' dir='ltr'>Pansam,</span> <span class='ocrx_word' id='word_1_210' title='bbox 862 3803 907 3867; x_wconf 87' lang='lat' dir='ltr'>qul</span> <span class='ocrx_word' id='word_1_211' title='bbox 925 3803 975 3853; x_wconf 90' lang='lat' dir='ltr'>sub</span> <span class='ocrx_word' id='word_1_212' title='bbox 994 3813 1029 3852; x_wconf 86' lang='lat' dir='ltr'>eo</span> <span class='ocrx_word' id='word_1_213' title='bbox 1048 3803 1152 3852; x_wconf 82' lang='lat' dir='ltr'>inerte</span> <span class='ocrx_word' id='word_1_214' title='bbox 1171 3801 1276 3853; x_wconf 84' lang='lat' dir='ltr'>diceudl</span> <span class='ocrx_word' id='word_1_215' title='bbox 1299 3811 1363 3851; x_wconf 84' lang='lat' dir='ltr'>sese</span> 
     </span>
     <span class='ocr_line' id='line_1_34' title="bbox 362 3887 1361 3959; baseline 0.003 -25"><span class='ocrx_word' id='word_1_216' title='bbox 362 3890 547 3955; x_wconf 85' lang='lat' dir='ltr'>exercebant,</span> <span class='ocrx_word' id='word_1_217' title='bbox 575 3889 899 3959; x_wconf 59' lang='lat' dir='ltr'>grandes&#39;prae&#39;teatotos</span> <span class='ocrx_word' id='word_1_218' title='bbox 916 3892 999 3940; x_wconf 86' lang='lat' dir='ltr'>vocat</span> <span class='ocrx_word' id='word_1_219' title='bbox 1028 3890 1103 3952; x_wconf 80' lang='lat' dir='ltr'>[vid.</span> <span class='ocrx_word' id='word_1_220' title='bbox 1130 3889 1241 3941; x_wconf 75' lang='lat' dir='ltr'>›Suetora</span> <span class='ocrx_word' id='word_1_221' title='bbox 1262 3887 1295 3940; x_wconf 81' lang='lat' dir='ltr'>de</span> <span class='ocrx_word' id='word_1_222' title='bbox 1319 3887 1361 3939; x_wconf 79' lang='lat' dir='ltr'>Ol.</span> 
     </span>
     <span class='ocr_line' id='line_1_35' title="bbox 362 3969 695 4043; baseline 0.012 -21"><span class='ocrx_word' id='word_1_223' title='bbox 362 3971 452 4024; x_wconf 76' lang='lat' dir='ltr'>naeu.</span> <span class='ocrx_word' id='word_1_224' title='bbox 471 3988 494 4026; x_wconf 93' lang='lat' dir='ltr'>c.</span> <span class='ocrx_word' id='word_1_225' title='bbox 514 3977 554 4043; x_wconf 88' lang='lat'>1).</span> <span class='ocrx_word' id='word_1_226' title='bbox 621 3969 624 3974; x_wconf 77' lang='grc'><strong>’</strong></span> <span class='ocrx_word' id='word_1_227' title='bbox 651 4033 655 4040; x_wconf 51' lang='grc'><em>,</em></span> <span class='ocrx_word' id='word_1_228' title='bbox 692 4004 695 4012; x_wconf 87' lang='lat'>·</span> 
     </span>
    </p>

    <p class='ocr_par' dir='ltr' id='par_1_15' title="bbox 315 4060 471 4124">
     <span class='ocr_line' id='line_1_36' title="bbox 315 4060 471 4124; baseline 0.013 -14"><span class='ocrx_word' id='word_1_229' title='bbox 315 4060 347 4124; x_wconf 67' lang='grc' dir='ltr'>Β)</span> <span class='ocrx_word' id='word_1_230' title='bbox 365 4073 392 4110; x_wconf 86' lang='lat' dir='ltr'>v.</span> <span class='ocrx_word' id='word_1_231' title='bbox 409 4063 471 4112; x_wconf 76' lang='lat'>³8³.</span> 
     </span>
    </p>

    <p class='ocr_par' dir='ltr' id='par_1_16' title="bbox 313 4147 566 4209">
     <span class='ocr_line' id='line_1_37' title="bbox 313 4147 566 4209; baseline 0.02 -15"><span class='ocrx_word' id='word_1_232' title='bbox 313 4147 344 4209; x_wconf 81' lang='lat'>8)</span> <span class='ocrx_word' id='word_1_233' title='bbox 366 4159 393 4194; x_wconf 84' lang='lat' dir='ltr'>v.</span> <span class='ocrx_word' id='word_1_234' title='bbox 415 4149 566 4202; x_wconf 70' lang='lat' dir='ltr'>sou-404.</span> 
     </span>
    </p>

    <p class='ocr_par' dir='ltr' id='par_1_17' title="bbox 313 4229 1043 4311">
     <span class='ocr_line' id='line_1_38' title="bbox 313 4229 1043 4311; baseline 0.011 -28"><span class='ocrx_word' id='word_1_235' title='bbox 313 4232 345 4298; x_wconf 81' lang='lat'>4)</span> <span class='ocrx_word' id='word_1_236' title='bbox 365 4229 434 4288; x_wconf 73' lang='lat' dir='ltr'>utet.</span> <span class='ocrx_word' id='word_1_237' title='bbox 455 4231 533 4286; x_wconf 74' lang='lat' dir='ltr'>loten</span> <span class='ocrx_word' id='word_1_238' title='bbox 555 4234 588 4286; x_wconf 83' lang='lat' dir='ltr'>de</span> <span class='ocrx_word' id='word_1_239' title='bbox 606 4237 637 4288; x_wconf 85' lang='lat' dir='ltr'>la</span> <span class='ocrx_word' id='word_1_240' title='bbox 653 4238 768 4306; x_wconf 63' lang='lat' dir='ltr'>mance,</span> <span class='ocrx_word' id='word_1_241' title='bbox 787 4240 809 4306; x_wconf 92' lang='lat' dir='ltr'>l,</span> <span class='ocrx_word' id='word_1_242' title='bbox 829 4241 858 4290; x_wconf 86' lang='lat' dir='ltr'>P.</span> <span class='ocrx_word' id='word_1_243' title='bbox 877 4241 912 4309; x_wconf 90' lang='lat' dir='ltr'>ll,</span> <span class='ocrx_word' id='word_1_244' title='bbox 935 4243 979 4311; x_wconf 77' lang='lat'>67,</span> <span class='ocrx_word' id='word_1_245' title='bbox 1000 4243 1043 4293; x_wconf 79' lang='grc'>68.</span> 
     </span>
    </p>

    <p class='ocr_par' dir='ltr' id='par_1_18' title="bbox 313 4319 874 4397">
     <span class='ocr_line' id='line_1_39' title="bbox 313 4319 874 4397; baseline 0.011 -26"><span class='ocrx_word' id='word_1_246' title='bbox 313 4320 344 4389; x_wconf 80' lang='lat' dir='ltr'>a)</span> <span class='ocrx_word' id='word_1_247' title='bbox 364 4319 457 4374; x_wconf 68' lang='lat' dir='ltr'>codem</span> <span class='ocrx_word' id='word_1_248' title='bbox 477 4321 741 4397; x_wconf 62' lang='lat' dir='ltr'>obcaecabitur,</span> <span class='ocrx_word' id='word_1_249' title='bbox 760 4328 812 4379; x_wconf 80' lang='lat' dir='ltr'>uit.</span> <span class='ocrx_word' id='word_1_250' title='bbox 831 4325 874 4377; x_wconf 84' lang='lat'>11.</span> 
     </span>
    </p>
   </div>
   <div class='ocr_carea' id='block_1_6' title="bbox 0 0 1578 5076">
    <p class='ocr_par' dir='ltr' id='par_1_19' title="bbox 0 0 1578 5076">
     <span class='ocr_line' id='line_1_40' title="bbox 0 0 1578 5076; baseline 0 0"><span class='ocrx_word' id='word_1_251' title='bbox 0 0 1578 5076; x_wconf 95' lang='lat' dir='ltr'> </span> 
     </span>
    </p>
   </div>
  </div>
 </body>
</html>
