3140 5076
730 265 976 340 ..pq-

305 471 364 535 qne
387 453 530 534 diximus,
547 457 711 539 unguentis
733 460 861 524 effluens
881 466 910 523 ct
925 459 1139 538 calamistrata,
1158 460 1309 524 interdum
1322 460 1405 524 rnol-
1447 464 1450 468 '

301 560 341 627 lis
362 563 531 645 incederet,
556 567 706 631 interdurn
727 569 849 652 turgida
872 587 943 633 sese
966 570 1127 648 attolleret,
1148 571 1353 650 apostolorum
1374 579 1404 633 et

303 672 516 754 episcoporum
534 675 716 757 eloquentia,
733 679 925 759 eloquentiae
948 696 1061 741 nomen
1077 679 1236 760 ignorans,
1249 679 1330 742 inter
1342 697 1403 760 po-

303 781 404 862 pulum
418 785 667 865 conversabatur,
679 786 717 850 ad
728 806 793 850 rem
806 788 976 866 attendens,
990 787 1083 851 verba
1094 788 1291 871 negligenter
1300 787 1402 851 effun-

302 891 392 969 dens,
409 891 525 972 ignaris
541 893 652 973 lumen,
669 897 851 976 pauperibus
867 897 1018 976 solatium,
1041 897 1149 960 animis
1164 897 1223 959 sibi
1238 897 1309 960 mali
1323 915 1402 960 oon-

301 999 376 1062 sciis
392 999 648 1068 condonationem
667 1004 810 1068 offerens.
834 1006 964 1087 Eloquia
982 1007 1118 1069 sermoni
1131 1004 1309 1087 quotidiano
1326 1023 1402 1087 pro-

302 1107 391 1188 piore
414 1112 516 1174 omnia
539 1110 753 1177 efferebantur.
777 1115 874 1177 Homo
891 1099 1080 1193 audiebatur,
1104 1133 1166 1178 non
1188 1122 1303 1178 orator.
1326 1117 1400 1178 lnde

305 1216 335 1279 in
351 1219 553 1283 concionibus
571 1220 645 1300 ipsis
667 1221 811 1286 doctores
834 1242 901 1286 cum
922 1224 1111 1288 auditoribus
1134 1224 1327 1288 familiariter
1348 1224 1400 1286 lo-

298 1328 482 1408 quebantur.
522 1329 587 1392 liae
606 1330 831 1410 quodammodo
854 1332 1042 1412 domestica,
1067 1341 1101 1395 ut
1121 1335 1201 1397 inter
1223 1333 1399 1411 familiares,

302 1436 427 1502 dicendi
446 1439 660 1519 simplicitate,
685 1441 823 1505 veritatis
839 1443 940 1505 studio
954 1460 1103 1528 congrua,
1126 1461 1207 1506 nova
1230 1443 1401 1507 exsurrexit

304 1547 498 1629 eloquentiae
520 1548 627 1612 forma.
653 1550 823 1613 Verborum
846 1551 907 1614 vinr
932 1569 1021 1634 quarn
1044 1553 1210 1632 delectum,
1233 1553 1399 1634 imaginum

302 1655 472 1720 efficaciam
490 1675 579 1738 quarn
594 1659 787 1742 elegantiam,
811 1663 1031 1742 sententiarum
1053 1663 1289 1742 profunditatem
1310 1679 1399 1742 quam

302 1765 444 1830 acumina
467 1766 620 1832 malebant
638 1768 696 1830 Dei
718 1770 831 1852 nuntii:
860 1771 890 1831 in
914 1770 1098 1833 sublimitate
1119 1771 1223 1848 rudes,
1244 1771 1275 1832 in
1298 1771 1398 1832 maie-

301 1879 378 1937 state
393 1874 531 1953 humiles,
554 1876 584 1939 in
601 1876 841 1966 elegantioribus
858 1878 1048 1942 orationibus
1065 1895 1127 1940 non
1150 1879 1217 1941 sine
1239 1882 1398 1941 venustate

299 1982 435 2064 leporem
459 1992 668 2065 aspernantes.
715 1977 789 2050 lnde
808 1986 993 2068 eloquentia,
1017 2003 1079 2048 non
1096 1987 1247 2049 concinna
1265 1985 1397 2066 quidem,

268 2163 270 2166 ,
299 2093 355 2156 scd
370 2100 489 2174 potens,
502 2095 636 2176 flagrans
649 2095 750 2176 potius
765 2114 855 2176 quam
867 2096 1038 2177 splendida.
1082 2096 1184 2159 Talem
1198 2115 1233 2159 se
1249 2097 1399 2176 praestitit

300 2200 431 2264 Sanctus
454 2201 660 2282 Anthrosius,
695 2204 830 2268 l'reviris
853 2211 940 2269 natus
967 2204 1070 2286 ibique
1099 2206 1204 2286 primis
1230 2205 1398 2268 studiorum

300 2312 459 2376 elementis
482 2312 624 2391 imbutus,
648 2313 699 2393 qui
721 2331 797 2376 vero
812 2315 931 2395 pollens
949 2293 1054 2378 orator
1075 2316 1181 2392 evasit,
1207 2331 1245 2378 ex
1260 2314 1398 2394 Aposto-

299 2419 424 2514 lorum,
453 2437 516 2485 non
540 2441 560 2484 e
582 2421 738 2484 rhetorum
762 2421 878 2484 schola.
924 2424 957 2483 ln
986 2424 1051 2485 eius
1074 2429 1104 2487 et
1124 2419 1257 2503 persona
1280 2431 1310 2486 et
1330 2423 1399 2486 elo-

301 2529 424 2610 quentia
441 2546 617 2609 expressam
636 2529 786 2592 habemus
798 2531 898 2592 vivam
915 2531 1128 2612 episcoporum
1146 2533 1305 2611 potestatis
1321 2533 1400 2596 ima-

304 2638 408 2720 ginem
431 2634 538 2720 quarto
559 2638 690 2718 seculo,
713 2643 746 2700 ut
767 2639 798 2701 in
812 2639 960 2718 Bossuet,
985 2641 1090 2704 seculo
1114 2641 1234 2704 decimo
1258 2643 1398 2723 septimo,

302 2749 481 2814 Gallicanae
498 2749 659 2813 ecelesiae
681 2749 859 2827 maiestatis.

408 2861 433 2923 E
455 2859 594 2925 manibus
616 2859 791 2938 rhetorum,
812 2859 890 2940 apud
913 2877 990 2939 quos
1012 2859 1044 2922 in
1066 2859 1175 2924 litteris
1199 2867 1229 2922 et
1249 2860 1399 2940 cloquen-

300 2969 348 3032 tia·
362 2969 485 3033 multum
499 2969 640 3051 profecit,
656 2970 789 3051 elapsus,
808 2969 957 3048 littorias,
982 2972 1143 3052 episcopus
1163 2971 1260 3034 factus
1278 2977 1326 3034 est
1341 2987 1400 3034 na-

301 3079 371 3144 talis
406 3079 537 3143 civitatis
560 3080 753 3158 Pictonicae,
785 3085 970 3159 sanctusque
998 3079 1053 3142 fuit
1079 3099 1113 3142 rc
1143 3087 1174 3142 et
1204 3080 1399 3163 cognomine.

302 3188 504 3269 Eloquentiae
526 3189 693 3269 specimina
716 3188 801 3251 dedit
819 3193 925 3250 contra
943 3189 1076 3250 Arianos
1099 3195 1128 3250 et
1146 3205 1201 3269 pro
1217 3189 1399 3252 defensione

302 3296 495 3360 orthodoxae
516 3295 588 3359 fidei
611 3298 642 3358 in
665 3297 870 3377 compluribus
893 3296 1058 3375 conciliis,
1096 3298 1127 3358 in
1155 3298 1264 3378 quibus
1290 3298 1399 3359 doctor

302 3401 395 3468 duras
418 3405 614 3486 quaestiones
633 3405 745 3483 solvit,
767 3405 915 3468 sacerdos
936 3405 1103 3470 sacerdotii
1125 3407 1304 3490 dignitatem
1326 3421 1400 3468 cra-

303 3513 405 3578 tionis'
420 3513 569 3596 dignitate
600 3514 766 3594 aequavit,
798 3515 951 3578 ecclcsiae
973 3511 1110 3578 tribunus
1133 3515 1251 3578 animos
1274 3515 1401 3595 agitavit

304 3623 343 3686 ad
357 3620 589 3704 propulsandos
612 3639 745 3701 errores,
770 3623 808 3686 ad
830 3623 1066 3703 defendendam,
1090 3640 1167 3703 quae
1191 3621 1248 3702 ipsi
1270 3621 1402 3685 videba-

302 3739 372 3811 tur,
403 3737 633 3796 sacrosanctam
652 3732 823 3795 veritatem.
865 3733 1044 3801 Orationem
1076 3737 1151 3812 quas
1171 3731 1304 3796 Hilarius
1325 3749 1401 3812 pro-

303 3841 453 3905 nuntiavit
473 3859 513 3904 ne
538 3841 740 3923 fragmentum
761 3841 882 3923 quidem
904 3847 1052 3905 remanet.
1109 3831 1149 3904 ht
1171 3857 1264 3922 saepe
1281 3840 1313 3902 in
1335 3841 1401 3904 eius

301 3949 486 4032 theologicis
517 3949 638 4030 scriptis
669 3950 801 4014 oratoris
828 3950 878 4013 vel
909 3949 1142 4030 persuasionem
1173 3949 1223 4011 vel
1258 3949 1400 4031 impetum

302 4059 517 4143 agnoscimus,
558 4059 624 4122 sive
660 4060 822 4141 episcopus
856 4059 1054 4140 congregatis
1083 4058 1273 4122 auditoribus
1315 4057 1401 4140 psal-

302 4185 384 4232 mum
406 4167 538 4250 aliquem
560 4168 693 4249 explicet
713 4167 968 4244 (commentarios
985 4150 1057 4230 eius
1068 4167 1147 4229 enim
1165 4166 1279 4231 scimus
1296 4184 1400 4230 coram

302 4278 415 4364 populo
448 4279 606 4360 expositos
643 4278 740 4343 fuisse
774 4277 916 4343 oratione
939 4285 1111 4362 'antequam
1143 4279 1337 4360 conscriptos
1371 4284 1402 4339 et
