3140 5076
634 290 677 314 .-
732 211 879 333 ομ

205 459 372 542 possiamo,
393 475 487 522 senaa
509 457 568 520 che
589 455 651 520 essi
673 453 784 518 abbian
804 441 935 536 ragione
956 469 974 516 a
995 450 1176 530 dolersene,
1198 451 1301 516 ribus·-

206 587 299 633 sarnc
322 567 464 648 alquanto
480 573 536 646 ¹).“
988 637 991 642 ¹
1210 537 1215 558 ⁹

204 691 205 694 ’
307 675 578 742 Grammaticorum
610 673 733 754 saepius
767 672 879 753 exigua
908 669 985 734 laus.
1036 669 1197 749 Attamen,
1218 675 1251 731 ut
1269 671 1301 731 in

206 786 346 849 humanis
365 785 459 848 rebus
474 784 541 846 lieri
563 783 652 861 solet,
673 781 729 845 sub
751 781 862 844 iisdem
881 764 1066 858 nominibus,
1089 779 1229 842 homines
1244 795 1302 856 ya-

210 894 256 959 ria
288 894 442 958 hominum
465 892 691 956 existimatione
714 887 868 974 gaudent,
904 894 995 969 prout
1019 889 1145 971 ingenio
1181 893 1211 950 ct
1232 904 1302 950 mo-

207 1003 291 1068 ribus
314 1008 483 1067 nerentur·
522 1003 557 1066 ln
579 1001 680 1065 infima
703 1000 972 1084 grammaticorum
998 997 1074 1062 sede
1095 999 1185 1062 nobis
1206 1015 1302 1081 appa-

205 1119 294 1175 rent:
330 1111 478 1193 Crispos,

385 1227 418 1281 f
476 1222 534 1296 Qui
556 1220 741 1301 primaevos,
765 1219 910 1299 fandique
929 1217 1033 1296 ruder,
1123 1227 1128 1232 '
1168 1283 1172 1298 ‚

506 1324 1003 1409 Elementorum'prlmadccebat

587 1438 682 1521 Signa
703 1444 913 1516 novorum2);
981 1441 985 1446 '
1031 1453 1035 1458 ·

753 1549 919 1626 Libertina,

574 1655 706 1734 secoro,
726 1657 909 1738 progeniem
1022 1656 1025 1663 '
1129 1660 1133 1668 '

568 1766 626 1841 Qui
648 1765 773 1828 rudibus
795 1768 898 1846 pueris

496 1891 502 1898 ·
568 1875 666 1938 Prima
689 1875 838 1938 elementa
864 1875 1003 1956 dabati).

203 1983 276 2047 ldeo
299 1967 409 2064 poetae
426 1982 515 2044 eritis
529 1990 576 2046 est
596 1984 742 2046 cathedra
759 1985 950 2066 grammatici
964 1987 1004 2061 l).
1056 1982 1203 2046 Victorius
1225 1982 1318 2047 sub-⁴

202 2092 322 2170 doctor,
349 2091 388 2153 dc
411 2108 471 2172 quo
493 2109 606 2173 supra,
631 2093 669 2156 ad
691 2094 772 2156 bunc
794 2095 943 2157 honorem
970 2094 1110 2174 pervenit
1131 2094 1174 2156 ab
1192 2093 1295 2156 intimo

201 2199 369 2265 litterarum
391 2201 509 2282 gradu,

440 2311 547 2374 Libato
579 2311 679 2373 tenuis
701 2311 824 2374 nomine
846 2310 1037 2393 grammatici
1053 2313 1092 2385 5).

199 2419 398 2484 Plurimorum
416 2419 579 2485 admodum
600 2420 712 2502 exigna
735 2419 825 2500 lama,
848 2426 881 2482 ut
895 2420 974 2484 illius
998 2419 1036 2485 de
1051 2437 1110 2502 quo
1123 2420 1296 2484 Ausonius:

525 2529 628 2610 Pange
650 2533 680 2590 ct
703 2527 878 2590 Anactorio

525 2637 651 2716 Flebile,
672 2639 769 2716 Musa,
793 2638 921 2716 melum;

524 2747 562 2809 Et
583 2763 719 2809 memora
740 2751 872 2825 tenuem,

523 2853 651 2930 Naeuia,
676 2855 924 2934 grammaticum:

522 2957 706 3039 Burdigalac
727 2959 809 3020 buno
831 2961 977 3042 genitum,

525 3066 690 3130 Transtulit
711 3068 848 3147 ambitio,

523 3177 796 3258 Pictonicaeque⁶)
818 3179 917 3258 dadin
946 3175 950 3184 ’

519 3286 638 3369 Pauper
660 3286 722 3367 ubi,
747 3293 777 3350 ct
800 3294 923 3352 tenuem

518 3397 638 3460 Victum
659 3398 854 3480 habitumque
876 3400 992 3481 colens,

522 3505 689 3570 Gloriolam
709 3507 820 3570 exilem

247 3792 278 3858 1)
297 3792 393 3846 storia
414 3792 490 3845 detta
506 3793 605 3846 heder.
625 3794 683 3848 ital.
701 3797 761 3852 Lib.
777 3799 817 3849 lv
835 3797 909 3862 capu
928 3799 976 3869 tlt,
995 3800 1021 3862 8.
1042 3800 1103 3856 vti.

245 3889 278 3954 a)
297 3887 399 3940 Ancon.
420 3887 538 3956 Profeaa.
556 3891 585 3940 lt.
604 3889 677 3942 XXI.

248 3986 279 4052 a)
298 3983 338 4035 lb.
356 3985 391 4035 x.

247 4080 279 4144 4]
299 4077 338 4130 m.
355 4080 416 4130 vn.
524 4149 527 4156 Ι

245 4179 277 4244 c)
297 4175 336 4227 lb.
355 4175 455 4226 xxttt.

247 4274 278 4341 c)
296 4273 367 4326 Urbi.
403 4273 471 4326 Urbs
489 4273 630 4340 Pictonum
645 4285 698 4328 seu
715 4261 888 4331 cretarum
907 4277 997 4348 maur,
1015 4278 1168 4345 (onam).
