3140 5076
674 257 923 328 ...92...

250 456 385 514 moestas
407 449 610 536 lugentesque
630 449 789 531 populatus
811 467 865 527 es,
900 455 1074 532 tantamque
1099 449 1218 513 cladem
1250 451 1348 514 vasti-

251 564 403 640 tatemque
431 559 574 639 periurae
606 560 690 640 genti
720 559 867 637 intulisti,
901 565 935 621 ut
955 565 1026 640 post
1047 560 1099 621 vix
1121 559 1214 622 ullum
1236 577 1349 622 nomen

250 668 391 736 habitura
417 669 485 732 sit.“
535 669 675 743 (Periura
696 670 796 731 omnis
818 687 896 751 gens
919 670 1095 751 oppressori
1117 669 1246 748 videtur,
1270 670 1351 733 Gee-

252 795 303 842 sar
321 779 360 842 sit
382 796 420 841 an
441 778 674 858 Constantinus,
699 796 778 858 quae
800 778 898 842 libera
920 784 990 840 nata
1012 778 1184 840 libertatem
1211 783 1347 860 ereptam

250 887 409 950 vindicare
423 887 551 970 nititur).
574 888 670 966 „Quid
687 887 747 950 hoc
760 888 911 968 triumpho
919 888 1054 969 pulcrius
1061 887 1095 949 Ψ(
1118 889 1268 952 exclamat
1281 889 1351 952 olli-

251 996 355 1060 ciosos
375 1002 490 1074 orator,
511 995 610 1088 „quod
628 997 774 1060 caedibus
790 996 929 1059 hostium'
943 997 1036 1060 utitur
1055 997 1146 1061 etiam
1160 997 1199 1061 ad
1213 1005 1351 1062 nostrum

252 1107 386 1169 omnium
408 1105 613 1185 voluptatem,
649 1113 679 1169 et
706 1124 846 1187 pompam
869 1123 1027 1170 munerum
1051 1106 1090 1168 de
1112 1107 1249 1188 reliquiis
1271 1107 1346 1170 har-

250 1213 375 1278 baricae
398 1214 494 1276 cladis
523 1221 701 1296 exaggerat.
746 1215 870 1278 Tantam
909 1217 1097 1296 captivorum
1127 1215 1350 1280 multitudinem

251 1323 357 1386 hestiis
381 1323 497 1400 obiicit,
521 1329 554 1385 ut
576 1324 688 1404 ingrati
712 1330 742 1385 et
764 1324 870 1403 perfidi
893 1342 955 1386 non
976 1326 1075 1388 minus
1099 1325 1216 1388 doloris
1241 1345 1279 1388 ex
1300 1325 1351 1388 lu-

252 1434 352 1498 dibrio
375 1433 442 1511 sui,
466 1451 554 1512 quam
578 1453 617 1499 ex
639 1431 704 1514 ipsa
724 1440 822 1496 morte
843 1435 994 1514 patiantur
1015 1440 1069 1514 1).“
1112 1435 1158 1498 En
1180 1434 1304 1498 vilitatis
1322 1443 1351 1500 et

252 1542 363 1606 abiecti
395 1541 486 1604 animi
518 1541 666 1606 audacia!
711 1541 779 1604 Non
812 1543 910 1604 minus
938 1543 1008 1604 vilis
1046 1543 1185 1606 simulata
1221 1544 1352 1607 audacia

252 1651 448 1716 sinceritatis.
492 1651 526 1716 Si
554 1652 621 1732 quis
656 1651 782 1713 istorum
804 1637 960 1716 rhetorum
983 1654 1352 1734 -magnoperelaudatum

252 1763 469 1843 Imperatorem
489 1762 656 1825 maioribus
678 1761 819 1824 laudibus
848 1762 1003 1826 cumulare
1031 1762 1106 1824 velit
1135 1771 1186 1826 aut
1209 1765 1267 1826 iam
1294 1781 1352 1826 ou-

252 1871 364 1949 mutet,
393 1871 624 1952 quasiCatonis
648 1877 719 1953 toga
753 1863 906 1934 involutus
938 1871 1107 1934 exclamat:
1153 1873 1215 1951 „lta
1238 1872 1349 1951 dicam,

254 1987 285 2044 at
307 1981 438 2044 fortasse
461 1980 640 2061 quibusdam
666 1977 773 2042 videar
795 1980 965 2058 audacior3
992 1981 1106 2044 veritas
1136 1965 1237 2044 lamen
1267 1997 1354 2043 meae

255 2107 330 2173 erga
355 2097 384 2154 te
409 2091 583 2154 devotionis
611 2097 754 2171 appareat
767 2097 794 2170 ²)
804 2097 831 2166 ;“
869 2096 919 2153 aut
942 2081 1064 2153 rursus:
1097 2091 1206 2171 „Dabit
1233 2091 1354 2154 veniam

254 2203 415 2266 clementia
436 2209 496 2282 tua,
521 2204 547 2266 si
563 2203 759 2266 audaciorem
780 2203 895 2265 veritas
919 2202 993 2265 lacit
1006 2205 1063 2279 i).“
1099 2191 1237 2264 Servitus
1258 2199 1355 2264 auda-

255 2313 322 2376 ciae
344 2313 475 2376 frontem
498 2313 611 2390 ferens,
636 2299 790 2376 seruitutis
813 2311 1021 2376 abiectissima
1045 2311 1190 2374 conditio.

352 2422 537 2486 Avertamus
559 2422 682 2486 tandem
703 2423 810 2484 oculos
834 2421 885 2483 ah·
894 2422 953 2483 isto
975 2422 1152 2502 turpissimo
1176 2423 1276 2486 civilis
1300 2440 1355 2485 so-

255 2531 374 2594 cietatis
400 2531 525 2606 morho;
548 2531 586 2592 ah
610 2531 722 2596 infima.
736 2529 940 2594 ascendamus
970 2532 1007 2593 ad
1032 2531 1170 2594 altiorem
1194 2539 1224 2594 el
1245 2533 1355 2613 purio-

253 2643 318 2712 rem
341 2638 533 2720 eloquentiae
554 2639 725 2720 regionem.
770 2639 893 2702 Sursum
918 2640 1030 2702 cordal

354 2749 472 2813 Nobilis
504 2749 697 2830 eloquentiae
720 2755 913 2812 monumenta
942 2749 1065 2830 reliquit
1087 2750 1135 2812 lV.
1163 2749 1298 2812 seculum
1323 2749 1355 2810 in

256 2860 378 2940 scriptis
406 2859 573 2923 doctorum
610 2859 855 2921 christianorum.
910 2858 1040 2921 Ausonii
1074 2859 1260 2939 discipulus,
1285 2858 1357 2921 dein

256 2971 384 3048 amicus,
406 2969 529 3032 Pondus
551 2968 716 3047 Paulinus,
750 2969 789 3030 ad
814 2986 902 3049 quem
915 2965 1096 3060 'complures
1122 2969 1187 3032 eius
1209 2968 1357 3048 epistolae

257 3085 386 3157 exstant,
409 3079 594 3161 Burdigalae
616 3085 704 3141 natus
725 3079 755 3140 in
771 3078 878 3140 illustri
899 3083 929 3140 et
941 3079 1035 3141 divite
1057 3077 1159 3157 domo,
1178 3079 1243 3159 ipse
1259 3078 1356 3158 primo

256 3189 362 3252 rhetor
384 3188 415 3248 in
439 3187 543 3250 schola
566 3187 718 3264 inclaruit,
742 3186 812 3250 dein
833 3165 934 3276 causis
955 3186 987 3246 in
1009 3186 1077 3248 loro
1091 3186 1221 3268 agendis
1242 3204 1276 3248 se
1298 3185 1358 3248 ad-

258 3296 343 3373 dixit,
367 3302 455 3375 atque
474 3294 651 3358 consulares
673 3294 807 3357 honores
821 3294 947 3374 adeptus
971 3300 1025 3357 est.
1073 3295 1172 3370 Quum
1193 3313 1268 3358 vero
1288 3313 1356 3358 eum

259 3403 386 3467 coelesti
403 3403 515 3467 ardore
533 3403 781 3466 inflammavisset
797 3403 1037 3466 Christianorum
1053 3403 1140 3483 fides,
1154 3404 1269 3468 relictis
1282 3421 1357 3484 pro-

259 3512 339 3576 fanis
362 3511 470 3575 studiis
494 3517 523 3576 et
544 3511 712 3575 honoribus
736 3512 767 3575 in
789 3512 925 3574 intimum
948 3513 1057 3576 mentis
1077 3513 1194 3594 asylum
1214 3513 1355 3592 recessit,

259 3629 291 3686 et
321 3622 474 3688 sanctitati
501 3622 582 3686 vitae
609 3622 886 3704 propagandaeque
921 3622 1066 3706 religioni
1098 3629 1178 3685 totos
1209 3622 1354 3685 incubuit.

258 3733 418 3800 Ecclesiae
438 3733 535 3798 Nolae
557 3734 719 3815 episcopus
742 3731 845 3797 Sancti
865 3733 975 3796 meruit
997 3750 1180 3816 cognomen.
1204 3732 1283 3808 Quid
1307 3733 1357 3795 in-

527 3934 560 3943 .-

315 4070 344 4140 1)
363 4063 438 4124 vm.
455 4070 556 4124 morti
574 4071 681 4138 Panem,
698 4087 722 4124 c.
740 4074 776 4128 22
794 4075 822 4126 et
838 4071 883 4126 28.

306 4196 345 4260 θ)
367 4196 401 4246 V.
420 4194 522 4246 laceat
537 4195 672 4260 Paucum.
690 4193 836 4248 Mammea.
856 4199 881 4247 ot
898 4195 1034 4262 oqnelonl.
1053 4207 1076 4246 o.
1098 4197 1123 4246 7.

315 4315 347 4382 a)
366 4315 413 4371 rx.
432 4315 551 4370 Nazartt
569 4315 673 4381 Peraea.
695 4327 719 4366 c.
739 4317 763 4368 l.
1030 4305 1033 4310 ’
