3140 5076
603 311 867 381 -33—·

174 502 320 566 umbroso
342 507 372 565 et
392 501 525 566 obscuro
546 501 734 582 prodeuntes
757 501 839 580 loco,
865 499 967 578 clarae
990 498 1066 562 lucis
1091 497 1193 581 fulgor
1211 499 1270 563 ob-

176 620 298 677 caecat:
322 612 369 676 sic
391 612 467 676 istos
490 632 507 676 a
529 612 644 676 scholis
667 612 698 674 in
722 611 822 674 forum
846 614 1053 689 transeuntes,
1079 609 1180 672 omnia
1201 613 1271 671 tan-

176 740 266 802 quam
297 738 378 784 nova
411 727 440 784 et
470 721 612 786 inusitata
643 719 836 802 perturbant:
876 738 935 782 nec
958 723 1028 782 ante
1056 719 1088 806 in
1118 723 1272 790 oratorem

179 829 436 909 corroborantur,
468 848 555 911 quam
579 830 679 892 multis
701 829 863 910 perdomiti
886 825 1095 907 contumeliis,
1126 827 1273 908 puerilem

178 940 329 1019 animum,
361 939 554 1004 scholasticis
587 937 706 1003 deliciis
735 939 934 1020 languidum,
964 941 1043 1002 'vero
1075 936 1182 1000 labore
1214 935 1273 999 du·

177 1053 351 1126 rarunt¹).“
1028 1033 1031 1040 “

275 1157 310 1220 ln
332 1156 463 1236 scholis,
496 1163 674 1237 practerea,
709 1158 886 1236 rhetorum,
915 1173 978 1219 non
1005 1162 1039 1216 ut
1067 1155 1161 1233 olim,
1192 1155 1275 1218 veris

179 1265 300 1344 causis,
326 1265 561 1330 instituebantur
582 1267 709 1330 iuvenes
730 1266 767 1328 ad
791 1266 851 1329 lori
884 1283 990 1328 verum
1012 1271 1183 1342 certamen,
1220 1264 1276 1327 sed

177 1375 289 1438 fictitiis
312 1375 352 1438 ad
374 1376 548 1438 certaminis
576 1376 781 1439 simulacrum.
825 1375 919 1438 Huius
939 1374 1068 1456 ¹generis
1098 1377 1276 1455 argumenta

178 1484 319 1568 leguntur
348 1484 378 1547 in
404 1485 442 1547 lli.
465 1485 599 1548 Senecae
630 1485 791 1548 Saosoriis
820 1491 850 1546 et
878 1483 1103 1546 Controuersiis
1129 1483 1168 1545 'ut
1191 1483 1276 1546 etin

177 1594 295 1659 Pseudo
309 1633 329 1645 -
349 1594 529 1669 Quintiliani
547 1594 834 1658 Declamationibus.
886 1595 982 1669 Quum
1018 1593 1057 1656 de
1092 1593 1162 1676 lege
1200 1610 1278 1655 con-

180 1704 332 1768 troversia
356 1710 455 1782 esset,
479 1705 537 1766 sibi
560 1705 617 1767 vel
633 1706 817 1784 antiquatam
840 1703 1051 1784 proponebant
1070 1701 1120 1766 vel
1144 1701 1274 1783 aliquam

181 1811 354 1893 lingebant,
385 1813 423 1874 ad
455 1809 633 1892 praesentes
663 1819 693 1875 et
714 1813 854 1894 vigentes
885 1830 925 1874 ne
947 1811 1122 1875 alludebant
1144 1812 1275 1892 quidem.

180 1921 293 1986 Earum
315 1921 551 2000 disputationum
574 1923 725 1984 advitam
750 1922 869 1985 civilem
890 1922 989 1986 nullus
1012 1922 1077 1984 lere
1095 1938 1188 1984 usus:
1220 1921 1280 1983 ,in-

181 2029 264 2112 genii
286 2033 370 2092 acies
394 2030 571 2110 acuebatur,
593 2032 649 2095 sed
672 2050 730 2094 nec
753 2049 808 2112 pro
830 2032 938 2122 patria,
961 2049 1019 2095 nec
1040 2048 1094 2111 pro
1118 2031 1196 2109 iure,
1223 2047 1280 2093 nec

183 2139 214 2200 in
235 2138 365 2202 hostem.

281 2250 363 2313 Inter
386 2249 474 2311 locos
498 2265 674 2322 communes
708 2247 812 2329 quiin
841 2248 996 2310 rhetorum
1027 2246 1141 2310 scholis
1163 2252 1279 2310 tracta·
1333 2293 1335 2302 .

184 2359 293 2421 bantur
315 2358 468 2420 notandae
496 2364 565 2421 sunt
591 2357 698 2420 laudes
730 2356 779 2420 vel
809 2375 939 2420 censura
970 2356 1105 2419 virorum
1133 2355 1281 2440 historiae

185 2466 343 2530 annalibus
364 2472 525 2545 notorum3
547 2459 703 2530 orationes
731 2465 888 2529 morientis
911 2465 1053 2544 Catonis,
1071 2464 1127 2536 ¹uel
1149 2465 1187 2527 ad
1211 2464 1281 2530 Sul-

184 2577 244 2640 lam
254 2583 286 2640 ut
299 2595 362 2640 sea
378 2576 526 2638 dictatura
543 2577 722 2654 abdicaret;
745 2575 983 2639 declamationes
997 2575 1119 2638 tandem
1137 2574 1284 2655 hequen-

185 2686 322 2750 tissimae
345 2691 452 2748 contra
476 2691 623 2766 tyrannos
648 2685 696 2748 vel
717 2686 918 2749 inhonorem
941 2683 1209 2766 tyrannicidarum.

349 2793 529 2859 Declamare
553 2795 657 2873 doces,
682 2813 700 2857 o
725 2794 828 2858 ferrea
849 2800 973 2874 pectora
993 2793 1084 2871 ltetti,

283 2941 286 2944 -
353 2901 426 2964 Cum
447 2901 568 2980 perimit
590 2919 702 2984 saevos
723 2901 832 2964 classis
855 2918 1019 2964 numerosa
1042 2906 1200 2982 tyrannos,
1240 2975 1242 2980 ,

187 2993 561 3083 exclamat'luvenattsn.
735 2999 737 3002 ’
1039 2997 1058 3028 ⁵

284 3120 327 3182 lta
349 3119 475 3182 libertas
502 3136 518 3181 e
543 3119 624 3181 civili
647 3116 802 3181 hominum
824 3118 973 3182 societate
996 3124 1086 3203 atque
1108 3137 1147 3183 ex
1168 3119 1286 3182 oratio-

186 3228 275 3292 nibus
304 3229 364 3292 lori
388 3234 418 3292 et
447 3229 551 3292 curiae
568 3228 607 3290 in
629 3228 797 3292 litterarum
825 3229 915 3292 ludos
952 3227 1134 3322 confugerat
1168 3235 1197 3292 et
1218 3229 1284 3311 ipsa

188 3338 275 3419 quasi
296 3337 405 3404 ludens
427 3346 456 3402 et
474 3338 618 3403 iuvenilis.
641 3337 954 3427 tolerabatur,'donec
975 3338 1120 3404 e‘schola
1142 3339 1288 3406 transiret

188 3447 220 3510 in
243 3450 354 3530 lorum,
379 3450 551 3532 amagistri
573 3454 697 3531 sceptro
721 3448 758 3514 ad
783 3450 894 3514 civium
915 3447 1086 3533 gladiose.

291 3559 403 3633 Quales
425 3559 540 3624 Romae
564 3559 745 3622 constitutae
775 3559 901 3623 scholae
931 3560 1071 3639 luerunt,
1101 3557 1178 3622 tales
1206 3557 1287 3622 haud

189 3665 280 3728 dubio
298 3667 329 3728 in
348 3666 571 3747 Gallia-itaque
591 3667 630 3730 de
650 3668 699 3730 his
721 3683 841 3748 quoque
856 3668 958 3731 valent
974 3685 1052 3749 quae
1067 3667 1105 3729 de
1124 3667 1185 3730 illis
1200 3673 1287 3730 retu·
1343 3675 1347 3694 ⁸

189 3772 288 3838 limus.
333 3774 431 3838 Primo
456 3775 536 3840 enim
557 3775 680 3854 seculo,
704 3775 860 3840 rhetorum
882 3776 1028 3857 scholae,
1050 3763 1211 3857 inquibus
1234 3775 1288 3839 lilii

193 3957 487 3979 -U-O-——av--s—
556 3973 559 3980 n

244 4099 274 4165 1)
296 4099 354 4150 htt.
370 4099 418 4168 lv,
441 4101 567 4152 Gonuou.
585 4105 707 4165 pro'oem.

244 4195 275 4260 2)
298 4197 356 4246 Sat.
372 4196 435 4264 Vlt,
456 4197 518 4265 150,
539 4197 599 4248 lat.
641 4195 644 4200 '

245 4293 277 4356 3)
296 4291 358 4342 vid.
381 4290 426 4342 W.
445 4291 495 4344 Ad.
514 4291 651 4364 Schmidt,
684 4293 779 4346 dasch.
803 4293 830 4347 d.
850 4295 945 4349 Dente·
964 4296 1021 4350 und
1041 4295 1288 4365 ataatenspetttett.

289 4387 442 4460 a1a-tae,
461 4390 490 4442 et
505 4389 634 4463 Bennett,
654 4404 680 4457 p.
697 4391 814 4447 27-80.

1067 4497 1089 4570 3
