3140 5076
565 289 942 368 ,··8-

269 482 407 547 sessores
428 481 562 562 Ampere
580 487 607 558 ¹)
641 488 672 546 et
691 480 836 546 blicbetet
851 487 901 561 2),
938 477 1031 544 Gallis
1067 479 1117 561 qui
1147 486 1288 547 oratores
1310 482 1369 547 ad·
1405 541 1409 547 .

270 593 413 657 iuvamur
432 592 680 656 annumerandus
700 591 781 656 ioret
802 573 839 667 Q.
854 589 984 653 Roscius
1007 591 1185 659 comoedus.
1230 591 1271 654 At
1291 593 1369 675 lapsi

271 719 402 782 errore,
434 720 523 784 quem
545 720 607 765 non
643 701 751 785 effugit
776 707 865 765 vetus
888 701 1058 782 interpres,
1091 701 1283 766 scholiorum
1305 702 1370 765 lto-

270 813 423 876 biensium
446 813 476 874 iu
501 813 682 876 Ciceronem
715 813 909 893 scriptori),
943 810 1062 874 Gallum
1089 811 1194 875 dicunt
1227 830 1295 875 eum
1319 813 1370 894 qui

274 929 351 986 teste
372 921 611 987 lamiliarissimo
636 923 789 986 Cicerone
811 921 985 984 Lanuvinus
1007 921 1115 1000 laist).

371 1033 524 1098 Exeamns
545 1050 626 1096 nuno
645 1033 744 1111 Urbe,
776 1033 1058 1114 circumspiciamus
1088 1037 1183 1094 totum
1203 1033 1371 1096 Romanum

274 1143 402 1222 orbem,
435 1149 467 1204 ut
489 1143 694 1225 intelligamus
718 1142 789 1223 quid
818 1141 1021 1224 provinciae,
1052 1141 1232 1222 praesertim
1256 1139 1371 1204 Galliae

274 1253 393 1331 ambae,
416 1253 593 1334 acceperint
614 1273 630 1316 a
654 1255 761 1331 Roma,
784 1251 856 1334 quid
879 1251 1095 1332 praestiterint.

636 1475 665 1542 b)
702 1477 733 1527 ln
751 1476 845 1528 (iubis
863 1476 1010 1541 crsatpma.

374 1660 559 1740 Suetonius,
591 1661 630 1724 de
652 1661 757 1742 primis
780 1661 855 1726 artis
876 1661 1095 1744 grammaticae
1116 1660 1195 1744 apud
1217 1663 1371 1726 Romanos

274 1768 462 1849 temporibus
484 1787 625 1848 narrans,
649 1769 701 1849 ,ln
722 1771 899 1851 provincias
922 1789 1060 1852 quoque,
1085 1771 1149 1851 uit,
1173 1773 1371 1854 grammatica

274 1883 508 1964 penetraverat,
540 1897 577 1942 ac
609 1878 818 1944 nonnullide
847 1880 1016 1944 notissimis
1039 1880 1219 1946 doctoribus
1240 1899 1371 1963 peregre

275 1987 461 2067 docuerunt,
485 1988 617 2052 maxime
646 1988 677 2050 in
699 1987 796 2052 Gabia
818 1989 935 2072 l'ogata
956 1989 1159 2072 (Cisalpina);
1191 1991 1271 2052 inter
1294 2007 1370 2070 quos

276 2094 424 2158 Octavius
455 2094 594 2174 Teucer,
628 2103 657 2158 et
688 2096 864 2160 Sisccnnius
901 2097 1031 2160 lacobus
1060 2103 1090 2161 et
1114 2096 1234 2178 Oppius
1256 2097 1371 2164 Cures:

273 2205 323 2270 bic
346 2207 470 2288 quidem
489 2207 527 2270 ad
544 2206 679 2271 ultimam
695 2213 836 2286 aetatem,
857 2213 968 2270 etcum
990 2207 1050 2270 iam
1072 2224 1135 2269 uon
1153 2225 1264 2288 gressu
1280 2207 1372 2270 modo

277 2316 470 2393 deficeretur,
489 2317 545 2379 sed
563 2324 593 2379 et
614 2319 711 2380 visui<
725 2321 752 2398 ⁵)
796 2317 886 2380 Adeo
909 2315 988 2379 baec
1009 2316 1169 2396 provincia
1190 2316 1372 2380 insolentiis

174 2504 175 2508 Ἰ
274 2441 442 2507 progressa
455 2431 511 2503 est,
536 2430 576 2503 ut,
594 2424 685 2488 Urbis
704 2425 832 2504 aemula,
852 2431 993 2489 oratores
1006 2441 1079 2488 suos
1094 2422 1254 2508 eleganter
1266 2425 1374 2488 Latine

273 2534 433 2615 loquentes
463 2533 678 2614 celebremque
708 2533 903 2615 eloquentiae
936 2532 1074 2596 scholam
1104 2534 1241 2596 baberet.
1296 2535 1370 2596 Cum
1455 2535 1458 2540 “
1563 2551 1564 2558 “

277 2644 355 2708 Galli
377 2642 469 2707 sedes
492 2661 590 2706 novas
612 2649 795 2726 quaerentes
817 2645 848 2705 in
864 2643 981 2707 ltaliam
997 2644 1166 2722 venissent,
1189 2643 1297 2707 Tuscis
1317 2661 1374 2706 ex-

274 2753 381 2836 pulsis,
403 2753 621 2832 Mediolanum,
645 2754 793 2832 comum,
816 2752 969 2832 Brixiam,
988 2753 1155 2833 Veronam,
1176 2754 1372 2836 Vergamum,

273 2863 467 2941 tridentum,
502 2863 672 2926 vicentiam
704 2863 909 2926 condiderunt
932 2864 981 2942 ⁶),
1013 2862 1106 2926 urbes
1133 2869 1205 2927 tunc
1226 2863 1373 2945 temporis

275 2991 350 3036 vere
377 2971 533 3051 Gallicas,
572 2989 760 3052 quarumque
790 2972 890 3054 gloria
913 2972 1020 3054 partim
1046 2973 1183 3037 Gallicae
1212 2971 1297 3056 genti
1318 2972 1377 3035 tri-

276 3083 329 3146 bui
350 3089 465 3164 posset.
511 3082 724 3146 Concedamus
746 3081 843 3145 uibilo
874 3083 977 3146 secius
1003 3082 1108 3146 ltaliae
1127 3083 1269 3146 celebres
1290 3081 1371 3160 illoS,

275 3209 404 3272 quorum
436 3189 558 3253 laudem
581 3189 659 3254 Galli
678 3192 847 3271 scriptores
869 3191 986 3270 patriae
1007 3207 1082 3254 suae
1103 3190 1279 3269 vindicant,
1299 3190 1374 3254 Vir·
1441 3247 1442 3252 ,

275 3301 393 3383 gilium,
417 3298 586 3377 Catullum,
610 3299 765 3363 Valerium
787 3299 946 3378 Flaccum,
970 3300 1067 3363 Titum
1089 3299 1228 3380 Livium,
1252 3301 1374 3365 Corne-

275 3409 349 3471 lium
373 3409 532 3491 Nepotem,
556 3407 711 3472 Valerium
732 3409 905 3488 Maximum,
928 3410 1053 3488 Plinios,
1078 3416 1280 3492 caeterosque
1297 3427 1373 3491 quos

274 3517 341 3581 tulit
360 3525 443 3582 terra
465 3518 618 3599 cisalpina
635 3521 672 3596 ⁷).
716 3517 811 3600 Alpes
833 3525 1035 3584 transeamus.
1097 3517 1100 3524 ’

282 3679 510 3690 -ρ--ωκ--ι-
520 3681 557 3689 ....

325 3773 355 3840 r)
374 3770 442 3824 unc.
460 3767 538 3824 uerte
557 3771 590 3824 ce
605 3772 637 3824 aa
649 3759 761 3827 ‘mance
778 3777 863 3824 mam
879 3773 905 3825 u
921 3773 1002 3828 utre.
1023 3767 1112 3825 succe.
1129 3774 1151 3823 ι.
1170 3772 1232 3824 sse.

282 3925 285 3930 ,
324 3869 355 3935 2)
376 3868 443 3920 litet.
461 3869 620 3922 deance.
638 3870 659 3919 l.
679 3869 715 3921 84
732 3870 760 3920 et
777 3873 822 3921 85.
958 3871 971 3882 ’“

327 3965 359 4026 a)
377 3965 409 4013 ln
429 3966 500 4014 ortt.
518 3975 568 4028 pro
585 3965 697 4032 Aroblo,
715 3977 741 4014 c.
755 3967 789 4032 83
811 3966 874 4016 edit.
893 3965 987 4029 orent,
1009 3967 1065 4016 vol.
1082 3966 1117 4017 V.
1137 3967 1167 4014 Ρ.
1187 3963 1223 4030 ll,
1243 3978 1269 4028 p.
1289 3963 1351 4015 dot.

327 4059 359 4124 4)
378 4058 421 4109 oc
437 4057 555 4109 uem.
573 4060 596 4127 r,
614 4061 660 4129 ao,
678 4061 727 4128 ro,
746 4062 783 4128 u,
802 4061 847 4129 ar,
866 4065 908 4113 cc.

327 4158 359 4219 o)
377 4154 420 4206 Do
437 4151 484 4206 itt.
505 4153 627 4207 dmum
648 4169 672 4207 c.
691 4159 718 4206 a.

330 4253 361 4317 d)
382 4249 476 4304 tutin.
496 4251 514 4301 1.
534 4251 597 4318 XX,
615 4264 640 4302 c.
660 4254 685 4302 o.

330 4343 543 4416 moturae.
563 4345 1063 4417 deumdffldmetu.
