3140 5076
606 303 852 374 ...21-

180 499 351 578 occultans,
372 503 463 579 atque
485 514 523 560 eo
544 496 689 575 validior,
709 497 812 562 militis
833 498 966 570 animum
989 496 1157 581 mitigavit:
1179 505 1213 561 ut
1232 505 1279 565 cst

180 627 247 673 mos
270 607 382 691 vulgo;
416 606 559 670 mutabile
580 607 708 686 subitis,
742 614 772 669 et
803 613 864 670 tam
884 624 1014 688 pronum
1047 608 1078 668 in
1097 607 1280 670 misericor-

181 717 281 794 diam,
317 733 406 796 quam
426 713 622 778 immodicum
644 715 772 779 saevitia
793 715 909 778 luerat:
941 715 1045 778 ellusis
1065 715 1227 797 lacrymis,
1251 723 1281 779 et

179 827 308 888 meliora
328 825 517 908 constantius
537 823 739 905 postulando,
763 826 969 906 impunitatem
988 825 1178 906 salutemque
1198 826 1279 890 civi-

181 933 234 996 tati
254 934 487 1015 impetravere.“
503 941 539 1013 ¹).

488 1111 516 1191 β.
541 1119 570 1176 7.
613 1107 724 1175 Genus
747 1109 963 1196 eloquentiae.

277 1260 436 1324 Exstincta
467 1259 609 1321 libertate
641 1260 791 1322 exstincta
819 1265 890 1321 sunt
920 1259 1116 1340 eloquentiae
1142 1252 1277 1324 llilmina.

178 1373 246 1436 Non
269 1370 395 1450 amplius
414 1368 532 1431 liberae
553 1368 743 1449 reipublicae
763 1368 874 1451 vigore
894 1369 1050 1446 animosa,
1071 1367 1177 1431 timide
1201 1388 1279 1433 con-

178 1475 256 1560 fugit
279 1479 448 1542 incuriam
471 1479 582 1542 ctiori
604 1478 782 1542 tribunalia:
813 1477 875 1540 illic
902 1496 1015 1542 causae
1038 1473 1202 1560 politicae,
1227 1481 1279 1544 hic

177 1587 315 1668 privatae
336 1588 474 1668 patronis
508 1588 583 1650 satis
616 1588 764 1650 materiae
796 1588 994 1668 praebebant.
1047 1589 1109 1653 Sed
1136 1595 1280 1669 praeter-

178 1695 294 1776 lapsum
319 1703 385 1759 eret
405 1701 523 1776 tempus
543 1713 603 1777 quo
627 1698 766 1778 Cynaeas
790 1697 933 1763 Senatum
960 1703 994 1759 ul
1014 1714 1124 1780 regum
1144 1716 1278 1762 conses-

179 1823 245 1868 sum
267 1807 395 1886 aspexit.
440 1804 551 1868 Coram
575 1812 666 1868 coetu
688 1804 851 1868 admodum
868 1805 996 1869 diverso
1020 1808 1194 1872 oratoribus
1216 1815 1278 1872 tum

181 1913 329 1976 orandum
351 1920 426 1976 erat.
471 1916 662 1993 „Memoriae
683 1914 824 1995 proditur
849 1915 1020 1995 Tiberium,
1052 1919 1173 1996 quoties
1194 1919 1279 1987 curia

180 2023 393 2107 egrederetur,
415 2024 516 2104 eloqui
538 2023 681 2086 solitum:
705 2024 755 2102 „0
770 2024 910 2087 homines
931 2023 974 2088 ad.
991 2026 1170 2090 servitutem
1184 2046 1279 2109 para-

179 2133 269 2196 tos!“
293 2132 430 2210 Scilicet,
456 2133 499 2196 ait
519 2133 664 2212 Tacitus,
697 2134 787 2196 etiam
809 2133 892 2196 illum
916 2135 968 2215 qui
988 2134 1160 2197 libertatem
1178 2136 1281 2215 publi*

180 2259 247 2306 cam
268 2240 374 2318 nollet,
398 2246 458 2303 tam
477 2243 636 2321 proiectae
656 2243 856 2305 servientium
876 2243 1041 2322 patientiae
1061 2241 1233 2306 taedebat.“
1251 2249 1278 2321 2)

179 2348 220 2412 nt
242 2350 332 2411 etiam
353 2349 384 2410 in
400 2349 469 2411 foro
490 2350 608 2412 maiora
626 2337 757 2433 negotiu
777 2350 848 2414 olim
864 2351 1101 2430 exercebantur,
1126 2357 1186 2430 tum
1203 2371 1279 2416 vero

180 2458 416 2521 centumvirales
440 2476 553 2524 causae
574 2460 704 2540 primum
727 2459 922 2523 obtinuerunt
946 2461 1100 2541 locuni).
1148 2461 1195 2523 De
1215 2465 1281 2542 'pa-

178 2569 307 2632 rietibus
329 2575 360 2631 et
379 2568 543 2632 stillicidiis
576 2568 657 2632 haud
677 2569 769 2632 dubie
790 2588 908 2634 summa
927 2561 1131 2651 loquebantur
1151 2570 1281 2634 liberta-

182 2684 237 2756 te,
263 2695 326 2740 non
349 2679 421 2740 item
445 2678 484 2742 de
511 2677 616 2742 laesae
636 2679 804 2744 maiestatis
827 2680 1005 2743 criminibus
1030 2697 1134 2743 coram
1155 2681 1278 2745 Senatu.

181 2789 308 2866 „Utere,
327 2788 424 2868 inquit
440 2789 606 2866 Maternus,
621 2789 743 2870 antiqua
764 2789 916 2869 libertate,
931 2809 948 2851 a
964 2807 1023 2872 qua
1036 2789 1086 2852 vel
1101 2790 1201 2873 magis
1222 2789 1280 2851 de-

182 2897 421 2978 „generavimns
443 2913 533 2976 quam
554 2897 592 2959 ab
615 2897 825 2978 eloquentia.“
849 2900 880 2973 l]
940 2898 1001 2961 Sub
1031 2897 1279 2977 Imperatoribus,

181 3004 279 3087 magis
301 3005 460 3088 magisque
479 3010 674 3068 'mutescente
695 3007 864 3084 servitute,
893 3005 1039 3086 pristinus
1059 3005 1205 3086 splendor
1224 3023 1280 3066 re-

180 3131 247 3176 rum
265 3119 296 3174 et
314 3114 492 3198 magnitudo
514 3130 676 3177 causarum
694 3120 835 3178 oratores
852 3114 1045 3190 deficiebant.
1084 3107 1153 3179 Non
1171 3132 1278 3177 coram

180 3223 290 3305 populo
318 3223 375 3288 sed
396 3225 479 3288 velut
506 3225 538 3287 in
569 3224 733 3290 solitudine
762 3243 814 3289 res
836 3225 1008 3310 agebantur
1029 3230 1067 3303 ⁵).
1112 3223 1278 3289 Auditores

233 3463 262 3527 1)
288 3431 369 3514 nucu
386 3463 485 3514 necor.
505 3462 523 3512 t.
542 3463 565 3529 1,
584 3475 608 3512 e.
626 3462 740 3516 cr-so.
787 3457 791 3464 ’

233 3560 264 3622 2)
283 3557 384 3608 Annei.
404 3560 452 3625 lll,
471 3561 515 3612 tto.
1097 3580 1100 3587 f

229 3657 260 3716 s)
279 3653 354 3704 mat.
374 3653 407 3705 dc
427 3655 538 3706 Omtor.
557 3667 581 3704 o.
599 3655 643 3706 ³8.
662 3653 743 3705 ntes
759 3653 845 3718 Epist.
866 3655 902 3720 ll,
923 3653 965 3703 14.
988 3655 1020 3704 ln
1038 3655 1276 3706 centumviralibus

279 3751 386 3815 curuis,
405 3749 444 3798 uti
465 3747 563 3800 cicero
579 3759 630 3798 nos
652 3749 733 3799 docet
749 3750 983 3814 „usuenpionum·,
1001 3747 1165 3811 tutelarum,
1185 3751 1277 3810 genti·

277 3843 398 3911 litatum,
423 3844 616 3911 agnationum,
644 3843 824 3910 alluvionum,
854 3841 1109 3907 circumluvionum,
1132 3851 1274 3910 nexorum,

276 3941 480 4006 mancipiorum,
499 3939 641 4006 parietum,
659 3938 786 3988 luminum
795 3972 805 4006 ,
824 3937 1034 4005 stillicidiorum,
1054 3937 1275 3988 testamentorum

280 4038 417 4099 ruptorum
428 4037 474 4087 aut
490 4037 622 4104 ratorum,
641 4037 845 4100 ceterarumque
865 4047 955 4086 rerum
972 4033 1204 4090 innumerabilium
1215 4037 1276 4086 turs

275 4133 485 4184 versabantur.“
503 4133 545 4183 lte
567 4133 644 4186 orat.
666 4133 684 4183 l.
702 4134 726 4201 1,
745 4145 769 4182 c.
788 4135 832 4190 ³8.

231 4228 263 4293 4)
283 4225 359 4282 Diod.
375 4227 409 4279 de
425 4227 498 4280 orat.
515 4227 561 4296 87,
578 4229 628 4280 sub
646 4226 734 4280 linem

230 4326 262 4388 ὅ)
282 4322 321 4376 lt.
341 4325 386 4376 ao.
