3140 5076
614 265 864 340 ...794-

193 458 277 524 cedit
295 457 417 525 auditor
438 458 584 537 Senatus,
621 459 671 522 cui
704 476 795 540 quum
818 458 942 522 dillicile
965 457 1004 520 sit
1023 475 1081 541 pro
1103 475 1208 524 amore
1230 476 1290 542 quo

192 570 225 634 in
245 575 276 636 te
295 569 451 652 praeditus
476 575 543 648 est,
578 569 617 632 de
639 575 669 634 te
691 567 854 648 satisfieri,
876 575 939 632 tum
961 568 1139 649 difficilius,
1161 586 1218 650 pro
1240 569 1292 632 in-

192 679 297 763 genita
319 685 409 760 atque
431 677 619 743 hereditaria
649 665 759 742 orandi
789 678 950 758 facultate,
981 696 1044 742 non
1066 697 1138 744 esse
1167 678 1291 745 fastidio

192 788 299 853 rudem
321 789 403 852 hunc
427 796 458 852 et
475 787 619 850 incultum
639 785 819 869 transalpini
833 789 985 854 sermonis
1008 788 1182 866 horrorem,
1201 804 1294 868 prae-

192 899 297 963 sertim
320 915 389 962 cum
413 896 565 964 absurdae
586 897 791 977 sinistraeque
814 898 978 962 iactantiae
998 899 1096 979 poscit
1109 897 1220 976 videri,
1245 877 1292 960 bis

194 1012 350 1071 ostentare
372 1005 558 1084 facundiam,
584 1006 733 1086 quamde
756 1023 863 1070 eorum
885 1005 970 1069 fonte
991 1012 1162 1071 manantem
1185 1005 1216 1068 in
1233 993 1318 1070 no?

192 1122 274 1181 siros
295 1133 394 1198 usque
415 1131 489 1178 usus
513 1115 664 1178 derivatio
687 1133 758 1178 sera
775 1114 945 1176 traduxit.“
1229 1093 1231 1100 ¹

298 1226 447 1289 Oratores
467 1223 506 1286 ad
528 1224 732 1302 imperatores
755 1222 919 1286 mittendos
934 1220 1051 1286 Galliae
1074 1221 1214 1285 civitates
1232 1221 1293 1285 eli·
1329 1229 1331 1238 “

193 1333 308 1416 gabant
327 1332 412 1395 viros
436 1331 631 1412 eloquentiae
654 1331 733 1395 lama
756 1330 1048 1412 praestantissimos.
1099 1327 1204 1394 Plures
1237 1347 1294 1394 eo-

194 1459 261 1504 rum
282 1457 394 1504 nomen
416 1457 514 1518 sunm,
538 1445 628 1521 atque
649 1447 811 1522 corruptae
828 1439 1021 1521 eloquentiae
1044 1444 1074 1501 et
1094 1439 1208 1528 abiecti
1224 1439 1294 1502 ani-

195 1551 238 1612 mi
273 1554 468 1614 monumenta
490 1549 592 1628 ‚nobis
607 1565 612 1574 ·
628 1549 817 1632 reliquerunt
846 1550 877 1613 in
906 1547 1101 1628 Poncppm'cic
1130 1547 1292 1613 celeribus.

199 1661 339 1740 „Eorum
360 1660 496 1742 cognitio
529 1665 560 1723 et
580 1660 768 1740 comparatio
792 1677 860 1721 cum
882 1658 1062 1735 veteribus,
1088 1657 1130 1720 ait
1148 1657 1294 1739 Wytten-

200 1768 339 1850 bachius,
360 1769 521 1856 utilissima
543 1769 645 1832 estad
671 1768 922 1853 cognoscendum
943 1767 1138 1849 eloquentiae
1161 1783 1295 1831 conver-

196 1879 312 1944 siones.
356 1879 431 1943 Nam
452 1878 512 1942 etsi
531 1897 568 1942 ea
591 1884 690 1942 aetate
710 1878 882 1956 florerent,
916 1894 975 1958 qua
998 1882 1029 1940 et
1048 1876 1198 1940 libertatis
1229 1876 1296 1956 spi-

196 1988 273 2052 ritus
294 1987 472 2067 deiecisset,
495 1993 526 2050 et
546 1988 612 2069 ipsa
633 1987 807 2068 eloquentia
827 2004 895 2048 curn
917 1986 949 2048 in
971 2003 1074 2049 rerum
1096 1985 1211 2054 iudicio
1234 1991 1295 2048 tum

198 2096 230 2160 in
251 2096 418 2160 verborum
438 2095 559 2159 delectu
578 2096 716 2180 graviter
746 2094 925 2174 laboraret,
953 2093 1067 2158 habent
1092 2099 1194 2158 lamen
1215 2093 1296 2158 haud

198 2223 269 2270 rara
297 2207 463 2270 verborum
486 2207 766 2287 sententiarumque
795 2205 910 2269 lumina
938 2211 968 2268 et
998 2220 1215 2285 nonnunquam
1248 2204 1297 2268 le-

197 2315 251 2379 lici
275 2313 407 2397 quodam
425 2315 539 2396 impetu
571 2315 611 2379 ad
629 2315 765 2396 priscam
799 2313 880 2377 illam
909 2313 1124 2382 sublimitatem
1146 2331 1181 2377 se
1203 2312 1297 2376 attol-

197 2425 281 2505 lunt3
309 2432 344 2488 ut
363 2425 402 2488 iis
423 2442 486 2488 non
518 2425 675 2508 ingenium
696 2424 776 2488 adeo
797 2442 833 2487 ac
855 2423 1016 2505 doctrina,
1049 2422 1105 2488 sed
1129 2427 1296 2504 temporum

198 2535 330 2601 felicitas
355 2535 492 2600 delinisse
513 2534 735 2612 videatnr1).“

283 2644 370 2708 Haud
390 2644 554 2709 infeliciter
565 2643 783 2728 Panegyristae
802 2643 943 2724 antiquos
963 2646 1114 2720 oratores,
1132 2639 1297 2704 historicos

200 2757 231 2814 et
246 2755 354 2830 poetas
376 2752 529 2816 interdum
550 2753 657 2816 imitati
676 2758 785 2831 sunu)
796 2773 805 2829 3
830 2751 896 2816 fere
917 2749 1063 2816 laudandi
1084 2766 1173 2830 quum
1192 2753 1306 2829 puram'

199 2856 317 2938 poesim
337 2857 479 2938 spirent,
510 2859 701 2938 quantumvis
725 2876 743 2921 a
763 2859 887 2938 politico
910 2856 1032 2921 differat
1056 2857 1222 2919 oratorium
1245 2857 1295 2918 in·

197 2965 331 3050 genium.

296 3074 419 3158 Agmen
440 3074 554 3135 ducunt
575 3073 635 3136 duo
661 3073 840 3154 Pcncpprici
860 3093 878 3137 a
902 3071 1028 3134 Claudio
1050 3069 1246 3149 Mamertino,
1265 3069 1298 3134 in

197 3183 348 3248 honorem
369 3180 577 3246 Maximiniani
599 3181 753 3261 Herculei,
778 3181 835 3245 sub
856 3180 947 3244 finem
968 3181 1016 3244 lll.
1039 3178 1135 3244 seculi
1161 3179 1297 3242 Treviris

199 3311 303 3358 coram
327 3293 394 3376 ipso
416 3292 603 3374 Imperatore
625 3291 737 3369 habiti;
766 3269 902 3372 alteret)
924 3289 1054 3354 natalem
1076 3289 1161 3353 urbis
1183 3290 1297 3354 Romae

199 3402 444 3481 commendavit3
479 3400 614 3482 alteret)
646 3402 777 3466 natalem
805 3401 887 3466 vitae
908 3400 1127 3464 Maximiniani.
1170 3401 1204 3463 ln
1229 3419 1298 3463 am-

197 3512 297 3578 bobus
317 3513 425 3579 laudes
449 3511 643 3592 Imperatoris
664 3511 879 3591 celebrantur,
912 3528 1055 3575 necnon
1084 3510 1116 3572 in
1136 3510 1235 3591 primo
1267 3514 1297 3572 et

199 3622 307 3688 budes
326 3617 521 3702 Diocletiani,
546 3621 646 3700 quiin
669 3620 796 3686 Oriente
817 3620 930 3703 agebat
952 3637 1019 3682 cum
1051 3619 1133 3683 inter
1151 3618 1295 3683 Treviros

196 3730 367 3796 esset-eius
392 3728 522 3813 collega.
564 3730 633 3794 Non
665 3729 786 3812 quidem
817 3730 1009 3813 inelegantcs
1036 3728 1196 3792 habendae
1227 3732 1297 3792 sunt

249 3998 279 4067 1)
300 3997 372 4050 our.
391 3997 449 4050 aar.
465 4001 496 4049 r.
513 3977 549 4066 u,
568 3998 610 4048 ra.

249 4093 281 4158 ᾖ)
300 4093 431 4160 Exempla
447 4096 476 4144 ln
492 4091 563 4145 Bibl.
582 4092 642 4145 crit.
662 4095 692 4144 P.
711 4094 746 4164 V,
767 4109 793 4160 p.
813 4096 856 4162 18,
878 4094 922 4164 la,
940 4093 986 4163 88,
1006 4093 1051 4163 2³,
1073 4093 1118 4162 td,
1136 4091 1182 4160 27,
1200 4092 1244 4144 80.

250 4171 696 4254 opmcasev.ae0a.'tea.
1182 4171 1185 4176 ⁵

253 4287 286 4357 4)
307 4289 387 4342 Anno
404 4285 458 4342 8⁹1
477 4301 504 4340 v.
523 4288 586 4342 m.
