3140 5076
201 475 362 558 emicuit
381 476 485 542 stuli
505 483 594 544 natus
616 485 683 546 arat
702 479 746 546 ili
766 478 892 548 docens
909 480 991 551 diem
1011 479 1089 548 abiit
1111 497 1298 564 supremum

196 583 367 672 Pclmdiut,
402 605 492 669 apem
515 587 652 654 adalia
687 590 850 656 mardoo
872 575 1084 656 &maumam
1104 591 1298 662 Benedicl'mi

197 697 365 778 smiptoros
391 695 550 765 Barcaeo
572 697 745 765 didm
768 700 939 766 θαιιᾱιιιιιιιι
952 707 1002 779 ¹),
1038 700 1119 764 adeo
1139 707 1297 782 spectatus

197 805 259 868 luit
274 805 459 887 eloquentia,
481 795 667 888 crumillam,
688 809 949 890 amabilitatem,
972 827 1071 877 cuma
1085 811 1232 876 oatlnodra
1254 813 1295 880 ad

78 979 79 982 ,
199 913 293 986 altius
321 915 455 980 otiolum
476 915 596 986 asciam
622 918 752 998 luisset,
789 917 932 986 dolerent
955 919 1124 986 litterarum
1157 913 1295 986 lautores

197 1041 266 1088 oum
287 1024 452 1090 andeolus
471 1041 489 1090 a
510 1026 668 1104 iurentuto
688 1044 820 1096 roman
834 1035 873 1106 2)
1268 1065 1270 1074 ν

294 1133 493 1216 Sambana
516 1135 838 1220 eloquentcriutelur,
860 1087 1204 1204 armamentorum
1218 1157 1294 1206 sen·

195 1243 281 1323 serit,
297 1243 328 1306 id
347 1257 384 1307 sa
396 1243 512 1308 debere
523 1245 681 1310 Gallicano
703 1245 833 1326 rhetori,
847 1238 937 1328 qoem
948 1247 1064 1314 Romae
1084 1248 1294 1328 professorem

196 1353 320 1416 audivit.
351 1353 536 1433 „Fatendum
559 1361 616 1434 est,
642 1355 757 1439 audeas
780 1355 958 1422 Gallicanae
981 1357 1146 1425 racundiae
1167 1360 1315 1431 haustus

196 1461 341 1543 requiro:
372 1479 436 1524 non
465 1463 548 1544 quod
570 1462 618 1542 liis
645 1470 762 1546 septem
790 1467 946 1530 montibus
966 1467 1140 1552 eloquentia
1162 1469 1300 1554 Latiaris-

196 1572 349 1662 excessit;
380 1572 436 1636 sed
459 1572 530 1654 quic
564 1580 728 1656 praesenta
757 1575 937 1643 rhetoricae
952 1577 1085 1659 ‚pauori
1104 1594 1174 1645 mco
1194 1595 1292 1642 senex

195 1677 268 1747 ona
300 1679 472 1749 Garumnae
506 1680 644 1753 alumnus
674 1683 828 1754 immulsit.
879 1685 933 1748 Est
971 1685 1045 1748 mitri
1078 1701 1146 1747 cum
1175 1685 1292 1765 scholis

194 1788 314 1863 vestris.
332 1807 389 1872 per
419 1789 578 1858 doctorem
605 1793 683 1858 iusta
716 1793 881 1880 cognatio·
926 1793 1079 1879 Quicquid
1100 1794 1132 1858 in
1155 1812 1204 1858 me
1231 1787 1288 1878 est,
1315 1801 1320 1808 '

194 1897 276 1985 qood
297 1898 365 1962 scio
387 1917 477 1982 quam
509 1900 549 1966 sit
567 1902 742 1990 exiguum,
765 1901 865 1986 coelo
894 1893 946 1968 tuo
978 1903 1088 1969 debeo.
1133 1904 1211 1987 ltiga
1233 1921 1290 1968 nos
1320 1927 1344 1970 ῃ

193 2025 270 2090 ergo
289 2007 390 2072 denuo
413 2026 452 2070 ex
474 2007 534 2072 illis
553 2009 727 2091 camoenis,
752 2028 831 2093 quae
851 2005 925 2074 mihi
946 2011 995 2074 lac
1015 2011 1165 2076 bonarum
1181 1998 1297 2091 artium

192 2117 321 2202 primum
343 2117 561 2198 deterritae
603 2125 609 2130 ’

295 2228 351 2292 llis
373 2246 411 2293 ex
433 2227 536 2294 verbis
561 2227 676 2314 coniici
704 2227 778 2291 licet
809 2229 913 2318 quanti
933 2199 1050 2295 Romae
1078 2229 1188 2298 fierent
1214 2230 1291 2295 Galli

191 2338 342 2402 rhetores
387 2337 419 2410 Si
441 2338 599 2420 peregrini
621 2337 759 2422 magistri
783 2337 822 2403 ah
842 2339 1101 2420 Imperatoribus,
1136 2339 1210 2422 ipsis
1233 2359 1293 2422 pe·
1371 2400 1374 2407 .

190 2447 347 2530 regrinis,
376 2449 504 2514 Romam
533 2447 680 2529 pellecti,
712 2453 803 2532 atque
832 2448 865 2510 in
895 2448 1015 2512 honore
1043 2448 1138 2513 habiti
1166 2449 1291 2534 linguae

191 2557 317 2622 Latinae
339 2557 501 2639 puritatem
531 2565 752 2642 corruperunt,
782 2558 825 2639 uti
848 2566 952 2626 monet
970 2558 1169 2624 doctissimus
1191 2557 1292 2624 Func-

191 2665 303 2745 acca),
327 2683 364 2728 ca
387 2681 517 2734 sensura
539 2667 766 2750 praeclariores
785 2645 811 2730 ¹e
833 2667 931 2735 Gallia
956 2669 1098 2734 rhetores
1117 2671 1171 2734 vix
1192 2672 1286 2734 attin-

190 2755 266 2856 gere
286 2773 417 2838 videtur.
461 2775 652 2853 Quinimmo
675 2777 776 2842 inerat
789 2776 966 2844 Gallicanae
985 2765 1148 2852 facundiae
1158 2780 1287 2844 'ubertas

189 2880 338 2964 quaedam
362 2886 392 2943 et
412 2880 576 2963 elegantia,
602 2883 688 2948 cuius
712 2902 779 2948 cum
801 2884 940 2948 Romana
962 2883 1069 2951 indole
1094 2888 1285 2954 consociatio

188 2989 310 3070 utrique
330 2989 449 3053 nationi
477 2987 546 3058 usui
572 2997 648 3053 erat.
691 2987 756 3065 Hac
780 2989 860 3054 enim
888 2999 989 3056 rnenle
1014 2982 1218 3076 Hieronymus
1247 2995 1287 3060 ad

188 3100 345 3168 Rusticum
374 3095 498 3182 scripsit
512 3104 555 3180 ῆι
568 3110 572 3120 ’
586 3095 706 3182 „Audio
721 3115 724 3118 ·
739 3093 921 3191 religiosam
942 3107 973 3165 te
997 3095 1115 3166 habere
1141 3111 1266 3170 matrem
1277 3153 1296 3187 „

187 3209 348 3275 multorum
369 3223 519 3274 annorum
540 3209 688 3289 viduam,
718 3222 797 3292 quac
818 3207 902 3290 aluit,
926 3204 1005 3293 quae
1031 3209 1164 3276 erudivit
1184 3211 1288 3278 infans}

188 3328 267 3401 tem,
301 3340 338 3384 ac
362 3319 553 3402 post‘studia
577 3321 759 3400 Galliarum,
781 3333 859 3403 quae
878 3321 928 3386 vel
951 3322 1169 3387 florentissima
1197 3331 1285 3405 sunt,

187 3431 270 3510 nisit
290 3424 523 3510 accam'oos
544 3448 676 3512 parcens
703 3431 891 3518 sumptibus,
923 3439 956 3500 ut
985 3433 1159 3508 ubertatem.
1177 3434 1285 3526 Getici

186 3541 382 3624 nitommma
401 3541 554 3611 aemonis
574 3541 711 3624 gravitas
731 3540 1046 3622 accenseamus,
1065 3559 1126 3611 aec
1148 3543 1284 3609 colcari-

186 3647 244 3711 ltus
265 3647 357 3727 inte,
380 3648 436 3712 sed
459 3649 733 3727 frenisuteretur,
757 3649 839 3730 quod
862 3655 892 3712 et
917 3651 948 3712 in
971 3651 1184 3717 disertissimis
1207 3649 1284 3715 viris

241 3933 539 4002 ljlulopeffiffll
622 3935 625 3940 ¹

240 4027 907 4100 ”mandamini-illaad&

237 4125 507 4197 ωὴψψῆ

236 4222 974 4293 4>Del⁷aeaetsmlaatseaeclute,ct‚std·

239 4318 409 4387 illm-⁰⁵
