3128 5070
672 169 919 284 .-¹„..

250 407 281 466 et
302 399 463 484 elegantiis
491 415 531 464 aa
560 404 629 464 arte
659 401 740 466 natis
768 401 951 482 conspicuus
981 403 1107 478 auctam
1137 397 1239 462 rarior
1265 414 1342 462 vero

252 514 283 573 in
313 511 378 574 eius
408 511 553 591 scriptis,
589 510 615 572 is
649 510 700 590 qui
731 510 875 576 Ciceroni
910 509 1050 575 laudabar
1083 525 1172 587 „eum
1193 507 1344 590 gravitate

251 622 372 684 iunctus
394 619 574 684 facetiarum
596 625 627 682 et
647 619 828 684 urbanitatis
852 619 1017 696 oratorius,
1039 635 1103 680 non
1125 617 1276 695 scurrilis,
1298 617 1345 682 le-

250 747 307 810 pos
321 736 377 809 1),“
402 734 453 792 aut
474 735 507 790 ut
527 728 609 792 idern
630 728 720 792 alibir
745 729 850 810 ,lepos
865 728 997 810 quidam,
1020 727 1211 807 facetiaeque
1226 733 1258 791 et
1273 745 1346 792 eru·

252 837 327 901 ditio
355 836 455 902 libero
488 837 581 919 digna
595 842 653 913 ²).“
694 838 833 902 Acumen
862 836 990 919 ingenii,
1012 836 1243 916 concinnosque
1272 835 1346 899 artis

250 947 334 1010 lusus
364 952 517 1024 ostentat,
548 952 578 1010 et
610 947 810 1010 amoenitates
844 945 995 1009 interdum
1016 945 1150 1032 pueriles
1172 945 1282 1025 quibus
1315 946 1347 1010 in

250 1055 397 1120 servitute
420 1055 513 1118 otiosi
535 1055 673 1120 homines
701 1055 901 1120 delectantur.
944 1055 1114 1120 Ausonium
1136 1053 1347 1135 Hippocrenes

254 1183 348 1246 aquas
370 1164 505 1243 bibisse,
526 1163 693 1228 litterarum
715 1182 821 1228 amore
842 1164 938 1230 brissc
957 1181 1153 1245 percussum,
1186 1163 1348 1247 ingeniosa

253 1274 411 1339 invenisse
431 1271 532 1352 multa,
556 1280 587 1337 et
601 1274 752 1338 interdum
775 1275 824 1338 vel
842 1275 1020 1356 eloquenter
1033 1274 1115 1338 seria
1129 1273 1276 1356 agitasse,
1299 1274 1349 1340 vel

252 1401 382 1446 amoene
409 1382 520 1446 lusisse
556 1383 637 1448 baud
666 1383 776 1448 inlitias
809 1384 928 1447 ibimus.
973 1383 1006 1447 ld
1040 1389 1154 1448 tanturn
1181 1383 1347 1453 asserimus

254 1511 322 1556 eum
344 1491 454 1554 mentis
478 1497 508 1554 et
529 1491 682 1578 sermonis
703 1493 849 1570 virtutes,
878 1492 986 1573 quibus
1018 1490 1209 1574 elegantiore
1239 1491 1346 1558 seculo

253 1599 344 1664 claris
368 1599 569 1680 scriptoribus
592 1601 786 1664 annumerari
810 1595 980 1681 potuisset,
1016 1618 1085 1664 curn
1105 1601 1187 1664 vitiis
1213 1602 1348 1683 corrupti

253 1709 350 1774 seculi
367 1715 397 1772 et
412 1715 621 1791 corruptarum
644 1710 813 1774 litterarum
836 1709 1068 1790 permiscuisse:
1090 1710 1172 1790 quod
1184 1711 1349 1776 tenendum

255 1824 302 1882 est
324 1831 392 1884 cum
416 1836 484 1881 eum
505 1819 658 1897 rbetores,
681 1825 832 1898 oratores,
854 1822 961 1902 poitas
979 1819 1027 1883 sui
1050 1821 1195 1900 temporis
1215 1819 1349 1884 laudan-

251 1934 313 1990 tem
334 1927 483 1991 oudimus.
526 1927 674 1992 Plurimae
694 1928 727 1990 in
748 1928 814 1992 eius
837 1928 960 2009 scriptis
976 1928 1102 1992 notitiae
1124 1928 1163 1992 de
1187 1927 1297 1992 litteris
1319 1933 1350 1994 et

253 2037 393 2100 litteratis
418 2036 592 2102 bominibus
611 2037 701 2100 istius
728 2037 796 2102 aevi
821 2038 1034 2115 continentur,
1056 2036 1221 2120 magnique
1239 2037 1349 2103 haberi

256 2147 379 2210 debent.
416 2147 531 2212 Omnes
541 2165 616 2210 vero
631 2153 692 2210 tum
705 2148 811 2211 llusae
826 2146 857 2209 in
875 2147 1031 2212 rhetorum
1045 2144 1159 2211 scholis
1177 2146 1348 2211 versabar·

256 2264 315 2322 tur.
368 2257 524 2320 Ausonius
554 2257 621 2338 ipse
645 2259 676 2320 in
698 2257 808 2322 talibus
829 2257 945 2321 sobolis
967 2263 997 2324 ct
1018 2262 1107 2322 natus
1129 2261 1175 2320 est
1196 2262 1227 2320 et
1248 2257 1350 2322 maio-

254 2385 320 2430 rem
342 2368 424 2429 vitae
444 2373 560 2446 partem
583 2365 678 2448 degit.
715 2365 947 2448 Burdigalensis
968 2365 1080 2430 medici
1097 2365 1191 2446 filius,
1216 2385 1232 2428 a
1253 2373 1350 2432 matre

254 2481 283 2538 et
308 2493 367 2537 avo
389 2481 516 2554 paterna
539 2475 645 2554 primis
664 2475 795 2540 imbutus
819 2475 994 2554 litterarum·
1011 2481 1042 2538 et
1072 2475 1192 2540 virtutis
1213 2475 1350 2542 elemen-

253 2584 304 2662 tis,
327 2583 458 2648 Tolosae
475 2601 549 2648 usus
564 2589 611 2646 est
631 2590 832 2664 praeceptore
852 2584 1003 2646 avunculo
1018 2601 1075 2648 suo
1091 2584 1223 2648 Aemilio
1237 2585 1349 2668 llagno

252 2692 401 2772 Arborio,
425 2691 686 2758 excellentissimo
705 2693 830 2762 rhetore
839 2696 877 2774 ³).
922 2693 990 2773 lpse
1008 2693 1145 2776 diligens
1167 2700 1200 2756 et
1220 2694 1348 2774 doctus,

254 2820 352 2868 annos
376 2803 501 2885 triginta
523 2810 633 2882 natus,
656 2802 842 2887 Burdigalae
870 2803 1100 2885 grammaticam
1121 2803 1243 2882 docuit,
1278 2821 1351 2868 mox

255 2915 452 2979 rhetoricam.
475 2914 544 2978 Duo
567 2913 606 2978 de
626 2914 752 2996 triginta
775 2930 873 2977 annos
891 2912 952 2977 iam
974 2913 1131 2992 docuerat,
1154 2931 1222 2978 curn
1237 2914 1275 2977 alr
1289 2914 1352 2978 ltn-

253 3029 398 3106 peratore
418 3023 629 3087 Valentiniano
652 3024 681 3102 l,
705 3024 849 3087 Treviros
871 3029 998 3086 vocatus
1021 3022 1174 3100 Gratiani,
1204 3022 1349 3104 principis

253 3133 327 3211 filii,
365 3131 474 3195 studiis
504 3133 679 3212 praefectus
701 3133 774 3209 luit3
808 3151 897 3214 quem
926 3133 1075 3194 honorem
1097 3137 1144 3194 est
1166 3137 1350 3195 consecutus

256 3243 335 3304 lama
368 3257 426 3319 qua
458 3239 538 3300 inter
565 3239 708 3302 rhetores
741 3241 901 3302 eminebat.
945 3240 1100 3320 Principes
1123 3241 1282 3304 cominus
1304 3246 1352 3304 est

256 3349 287 3409 in
309 3346 428 3410 bellicis
452 3346 715 3427 expeditionibus,
747 3348 779 3408 in
801 3347 979 3412 suevorum·
996 3347 1123 3426 bulbus,
1158 3348 1239 3412 inter
1267 3367 1350 3412 arma

252 3456 421 3518 litterarum
440 3454 538 3518 studia
561 3453 642 3517 haud
663 3454 889 3536 derelinquens.
932 3455 1041 3520 Postea
1070 3455 1237 3537 discipulus
1260 3474 1353 3538 prac-

254 3565 372 3646 ceptori
394 3563 474 3646 grati
496 3564 588 3627 animi
611 3564 786 3627 testimonla
810 3564 916 3628 detulit
938 3571 1151 3646 quaesturam,
1170 3566 1349 3646 praelectu-

254 3694 318 3740 ram
352 3674 496 3756 Imperii,
533 3672 665 3756 denique
698 3671 898 3740 consulatum.
953 3674 1006 3737 llis
1037 3675 1068 3736 in
1097 3673 1348 3760 magistratibus,

305 3993 336 4059 1)
357 3993 400 4044 nc
419 3992 460 4047 Gt.
482 3992 567 4044 orata.
585 3993 631 4061 88,
651 3993 712 4044 lta.

308 4107 341 4170 a]
357 4105 371 4154 1
388 4101 421 4155 dc
441 4104 566 4174 macore,
586 4103 629 4155 17.

309 4230 339 4296 3)
358 4229 445 4291 Supra
461 4239 486 4291 p.
505 4227 549 4280 69.
568 4225 670 4286 Aaron.
690 4224 770 4293 l’naf⁸
790 4226 864 4280 XVl.
