3140 5076
627 287 875 360 ...25-

207 499 260 548 sus
281 486 396 547 tantum
418 499 455 545 ae
478 481 545 544 sola
566 481 706 563 cymbala
729 487 759 542 et
780 487 922 563 tympano
944 479 1004 543 illis
1033 478 1162 543 conticis
1184 479 1304 560 desunt,

207 593 338 656 ululatus
357 591 479 672 quidem
516 599 633 672 (neque
662 591 743 653 enim
774 591 835 655 alio
870 590 1021 654 vocabulo
1044 596 1145 672 potest
1166 590 1305 671 exprimi,

206 701 334 765 theatris
356 718 477 782 quoque
499 700 818 780 indecore'laudatio)
839 701 927 784 large
952 706 1124 783 supersunt.
1171 700 1234 764 Nos
1256 705 1306 762 ta-

208 825 280 872 men
301 809 401 872 edbuc
421 814 451 870 et
473 808 585 872 utilitas
609 810 801 889 amicorum,
827 816 857 873 et
877 811 957 873 ratio
981 809 1088 873 aetatis
1110 813 1246 871 moretur
1270 825 1307 870 ac

207 917 327 982 retinet.
371 919 521 985 veremur
552 919 634 982 enim
656 937 696 980 ne
725 919 805 982 torte
833 935 895 982 non
925 919 981 983 has
1005 919 1203 1001 indignitates
1228 917 1307 980 rett-

208 1026 323 1110 quisse,
345 1028 400 1092 sed
422 1025 559 1092 laborem
578 1027 733 1113 refugisse
755 1029 951 1094 videamur.“
973 1036 1002 1106 ¹)

308 1137 422 1201 Causas
457 1145 619 1219 corruptae
654 1138 848 1220 eloquentiae
888 1136 1012 1218 Dictoqi
1051 1137 1087 1198 de
1123 1133 1308 1198 Oratoribus

209 1246 341 1328 scriptor
375 1253 504 1328 quatuor
532 1246 753 1327 persequitur3
789 1249 822 1324 1)
844 1244 1063 1329 negligentiam
1095 1249 1254 1325 parentum
1276 1244 1318 1306 in-

209 1371 373 1438 puerorum
410 1357 593 1419 educatione
608 1377 617 1434 ;
653 1359 688 1431 Ω)
713 1355 864 1430 desidiam
897 1354 1139 1418 adolescentium
1168 1353 1307 1434 quinon

209 1465 355 1546 amplius,
379 1471 412 1527 ut
434 1466 516 1545 olim,
540 1465 572 1526 in
593 1465 733 1529 omnibus
755 1464 936 1529 eruditionis
964 1470 996 1526 et
1015 1461 1229 1545 philosophiae
1258 1461 1309 1525 di-·

151 1568 153 1574 ’
211 1573 349 1655 sciplinis
381 1574 440 1637 sibi
482 1574 698 1656 comparandis
731 1573 895 1637 iuvenilem
931 1579 1061 1636 aetutem
1098 1571 1287 1634 exercebant
1299 1589 1308 1646 ;

209 1684 246 1762 3)
268 1683 505 1745 exercitationes
527 1683 560 1744 in
591 1683 748 1745 rhetorum
770 1681 911 1760 scholis,
941 1699 1004 1743 non
1030 1697 1129 1760 vero,
1163 1684 1196 1740 ut
1230 1679 1308 1760 apud

213 1790 371 1870 antiquos,
398 1790 428 1850 in
452 1791 543 1869 loro,
569 1791 647 1854 duee
670 1790 788 1874 insigni
811 1791 942 1872 quodam
963 1796 1105 1869 oratore3
1133 1791 1170 1868 4)
1192 1805 1248 1870 pro
1268 1788 1309 1851 li-

211 1899 338 1963 bertatis
360 1899 483 1978 ardore,
507 1900 647 1964 silentem
669 1901 856 1964 servientem.
920 1931 922 1938 ·

310 2007 451 2071 Attamen
479 2009 535 2072 sub
563 2008 800 2091 Imperatoribus
833 2023 953 2090 quoque
983 2007 1170 2071 excellentes
1191 2004 1310 2089 ingenii

212 2117 334 2180 dotibus
357 2118 539 2182 exstiterunt
561 2124 726 2197 oratores,
764 2136 891 2199 quorum
914 2116 1079 2179 nonnullos
1104 2115 1183 2177 inter
1206 2114 1310 2178 Gallos

210 2226 271 2289 iam
293 2226 485 2310 agnovimus.
529 2227 591 2308 lpsi
621 2226 772 2290 Caesares
809 2226 1025 2307 eloquentiae,
1060 2238 1123 2286 non
1145 2227 1245 2285 autem
1263 2221 1311 2284 illi

212 2335 379 2417 antiquae,
413 2335 562 2399 libertatis
598 2335 707 2417 spiritu
743 2335 900 2412 ferventi,
937 2335 1087 2396 honorem
1123 2329 1307 2409 tribuebant,

210 2461 376 2526 eorumque
400 2445 572 2526 complures
593 2445 769 2529 Augustus,
792 2444 954 2523 Claudius,
976 2445 1072 2521 Nero,
1085 2439 1203 2521 Galba,
1227 2441 1309 2519 Otto,

211 2554 358 2618 Traianus
381 2554 506 2617 dicendi
528 2555 603 2619 artis
625 2555 706 2618 baud
731 2561 872 2636 expertes
893 2553 988 2618 fuisse
1002 2553 1179 2628 traduntur3
1203 2551 1234 2613 in
1249 2551 1309 2616 Se-

210 2669 294 2742 natu,
317 2664 355 2728 ed
379 2663 500 2743 milites,
524 2681 629 2727 coram
651 2663 774 2745 populo,
796 2681 851 2727 eos
873 2663 1006 2727 facunde
1026 2662 1147 2725 locutos
1168 2660 1309 2744 legimur.

315 2772 399 2833 'lune
421 2778 584 2851 oratores,
608 2789 769 2836 causarum
789 2773 934 2854 petroni,
972 2772 1177 2835 incitabantur
1199 2771 1309 2851 aequi-

209 2878 314 2941 rendis
336 2878 460 2942 divitiis.
506 2881 601 2942 Sicuti
623 2881 710 2944 luxus
731 2888 762 2942 et
791 2899 908 2944 morum
940 2881 1113 2960 corruptio,
1146 2882 1187 2942 ita
1209 2879 1309 2942 indies

213 2986 398 3051 crescebant
415 2986 504 3066 lites,
528 2987 644 3051 laboris
666 2988 800 3051 lorensis
822 2988 1179 3070 praemia'eugebantur.
1225 2987 1309 3065 „lli-

212 3091 329 3157 nimum'
355 3094 436 3156 inter
467 3101 512 3158 tot
533 3114 570 3158 ee
597 3101 680 3158 tanta
701 3096 804 3158 locum
833 3095 972 3158 obtinent
993 3095 1145 3178 imagines
1174 3111 1211 3157 ac
1232 3095 1309 3158 tituli

211 3211 242 3267 et
263 3210 396 3284 samoe,
420 3224 498 3286 quae
521 3223 628 3287 neque·
644 3206 709 3287 ipsa
732 3212 834 3270 tamen
857 3206 1076 3289 negliguntur,
1100 3204 1309 3269 tamvhereule

211 3329 300 3393 quam
322 3312 448 3377 divitiae
471 3321 501 3378 et
523 3299 617 3394 opes,
652 3333 726 3396 quas
749 3314 869 3378 facilius
900 3315 1048 3388 invenies'
1071 3314 1122 3395 qui
1142 3315 1306 3396 vituperet,

209 3443 297 3506 quam
320 3425 372 3503 qui
394 3423 537 3488 fastidiat.
581 3424 635 3488 llis
657 3407 751 3508 igitur
772 3431 803 3486 et
823 3424 992 3488 honoribus
1015 3431 1045 3487 et
1065 3425 1254 3487 ornamentis
1271 3429 1309 3486 et

206 3533 403 3597 facultatibus
423 3533 556 3596 refertas
575 3533 682 3596 domos
694 3551 811 3596 ‹eorum
832 3533 984 3612 videmus,
1008 3532 1059 3614 qui
1080 3551 1115 3595 se
1130 3532 1167 3595 eb
1181 3533 1307 3596 ineunte

208 3642 418 3704 adolescentia
441 3642 543 3704 causis
564 3642 740 3705 forensibus
777 3648 807 3704 et
843 3642 980 3706 oratorio
1018 3641 1119 3704 studio
1144 3640 1305 3703 dederunt.

209 3751 261 3814 Sic
291 3755 398 3814 ouctor
426 3749 508 3812 Dici.
532 3751 569 3812 de
589 3747 676 3813 Orat.
694 3755 724 3827 2)
766 3751 838 3814 ldeo
864 3750 1010 3814 llertielis
1031 3749 1187 3812 Valerium
1215 3748 1307 3826 Flac-

209 3873 277 3920 cum
299 3861 420 3938 pobtem
442 3865 564 3936 monet,
595 3865 628 3920 ut
646 3858 754 3922 relicte
776 3861 928 3922 illusarum
951 3863 1143 3948 paupertate,
1182 3859 1213 3919 in
1237 3858 1305 3924 toro

207 3963 360 4030 honorem
383 3972 413 4028 et
435 3966 556 4030 divitias
579 3968 741 4048 acquirere
763 3965 899 4030 studeat:

262 4224 293 4293 r)
309 4225 368 4278 uto.
387 4225 421 4275 rr.
440 4223 525 4290 repar.
543 4225 586 4278 ra.

260 4319 292 4390 8)
311 4332 334 4372 o
352 4321 379 4372 8.
