3140 5076
619 275 866 357 ...83-

190 474 271 538 mina
284 496 293 553 ;
326 475 426 538 locum
447 477 612 556 praecipue
635 481 720 540 notat
743 494 801 556 quo
823 475 953 538 honesta
978 477 1067 556 atque
1091 473 1197 538 eadem
1220 474 1290 540 eili-

192 585 353 648 cacissima
375 585 482 648 iuliani
504 585 638 649 laudatio
663 586 854 665 continetur,
891 603 979 666 quam
1002 591 1107 648 orator
1130 585 1185 648 sub
1210 585 1289 650 alio-

193 712 259 756 rum
281 711 414 775 persona
436 695 664 777 elegantissime
686 695 809 758 conticit
825 703 860 770 ἱ).

292 805 388 886 Supra
398 812 426 886 ²)
450 805 605 872 retulimus
626 805 793 870 Ausonium
816 825 833 869 a
851 805 996 869 Gratiano
1019 802 1058 869 ad
1077 824 1210 871 summos
1230 804 1291 871 bo-

190 931 283 977 nores
314 919 485 994 promotum
519 913 625 977 fuisse.
644 909 648 916 '
669 913 729 976 Pro
763 915 922 976 consolatu
950 914 1121 994 partarum
1143 914 1290 977 oudonem

192 1023 341 1085 Gratiano
364 1005 499 1103 Augusto
520 1023 615 1103 dixit,
653 1043 732 1104 quae
753 1025 833 1086 inter
854 1023 1061 1105 Panegyricos
1084 1024 1205 1087 veteres
1230 1043 1290 1094 una·

192 1131 341 1196 decimum
374 1132 475 1194 locum
509 1133 633 1194 obtinet.
679 1127 890 1195 Benelactorr's
918 1133 1065 1210 virtutes,
1103 1113 1288 1196 domesticas

191 1243 355 1323 praecipue
389 1241 541 1326 celebrat,
576 1241 857 1308 caeterasleviter
887 1241 1016 1323 attingit.
1066 1241 1178 1320 ,Huius
1213 1257 1288 1305 vero

190 1349 289 1412 laudis
321 1349 591 1430 locupletissimum
613 1349 817 1412 testimonium
842 1355 889 1412 est
920 1349 956 1412 ad
987 1348 1174 1412 consulatum
1196 1345 1289 1431 prae·
1316 1393 1319 1400 -

194 1464 299 1538 ceptor
331 1463 498 1535 evectus;“
536 1453 629 1521 v'erba
663 1463 731 1520 sunt
760 1457 922 1520 laudantis,
966 1457 1056 1523 Suam
1082 1457 1161 1546 enim
1194 1458 1289 1539 ipsius

191 1565 311 1629 laudem
339 1565 452 1647 ubique
475 1565 611 1629 celebrat
632 1555 746 1629 orator.
791 1565 886 1640 Quem
908 1583 988 1640 ⁴vero
1017 1565 1209 1646 eloquentiae
1241 1553 1291 1649 tpss

188 1693 258 1756 pum
285 1675 344 1739 sibi
375 1675 516 1753 finxerit,
547 1675 892 1757 coniicerepossumus
926 1691 992 1737 cum
1025 1675 1164 1738 acumina
1199 1681 1228 1740 et
1249 1677 1290 1738 il-

189 1785 329 1848 lecebras
349 1784 535 1847 adulatorias
550 1783 708 1865 profundit
730 1791 819 1864 atque
836 1785 1008 1847 facundiam
1022 1785 1157 1848 Gratiani
1173 1786 1287 1849 laudat.

191 1893 247 1974 ,Et
268 1893 380 1973 aliqua,
403 1893 454 1972 ait,
479 1893 517 1957 de
540 1894 684 1966 oratoriis
706 1892 871 1955 virtutibus
890 1895 948 1955 tuis
972 1895 1126 1973 dicerem,
1149 1897 1209 1958 nisi
1233 1916 1290 1960 vc-

190 2020 277 2065 rerer
296 1983 368 2065 mibi
389 2001 566 2084 gratificari.
610 2003 677 2066 Non
701 2003 782 2065 enim
804 2001 954 2082 Sulpicius
974 2004 1078 2067 acrior
1098 2005 1129 2066 in
1158 2006 1290 2067 concio-

191 2113 298 2192 nibus,
334 2132 394 2176 nec
427 2113 553 2175 maioris
578 2111 710 2178 Gracchi
741 2111 1014 2175 commendabilior
1044 2113 1194 2177 modestia
1217 2116 1289 2194 suit,

192 2239 251 2285 nec
272 2224 366 2303 patris
389 2223 431 2284 tui
453 2222 579 2303 gravior
600 2222 776 2284 auctoritas.
819 2221 876 2296 oui
897 2227 988 2284 tenor
1008 2202 1106 2301 vocis,
1130 2241 1221 2303 quum
1235 2226 1306 2286 ·in-,

193 2331 284 2394 citata
304 2331 504 2411 pronuntias!
526 2349 604 2411 quae
626 2329 761 2409 inflexio,
786 2347 875 2412 quum
894 2331 1042 2394 remissal
1072 2351 1150 2414 quac
1173 2339 1292 2414 tempe-

191 2439 281 2519 ratio,
305 2458 394 2521 quum
413 2445 540 2521 utraque
563 2440 740 2521 dispensas!
763 2441 829 2521 quis
852 2446 1006 2504 oratorum
1022 2441 1102 2505 laeta
1117 2443 1289 2523 iucundius,

191 2549 322 2614 iocunda
345 2547 469 2629 cultius,
500 2552 665 2632 pugnantia
689 2551 832 2629 densius,
868 2550 995 2614 densata
1017 2551 1216 2632 glomeratius
1240 2559 1290 2615 aut

192 2657 278 2737 dixit,
301 2665 362 2736 aut,
389 2657 470 2738 quod
492 2665 538 2720 est
557 2659 697 2738 liberum,
722 2659 869 2740 cogitavit
884 2662 911 2737 3)
924 2658 958 2720 ‘d‘

293 2765 420 2827 Latinus
444 2764 576 2827 Pacatus
599 2767 784 2846 Drepanius,
805 2767 969 2849 Burdigala
986 2766 1144 2846 oriundus,
1162 2769 1294 2831 Ausonii

193 2876 325 2954 amicus,
351 2874 448 2937 Gallia
472 2875 581 2938 missus
604 2875 746 2952 Romam,
779 2893 858 2936 anno
880 2875 962 2954 391,
992 2873 1167 2938 Theodorio
1189 2877 1291 2940 victo-

193 2984 270 3047 riam
292 2982 331 3046 de
351 2983 483 3046 Maximo
501 2976 632 3064 tyranno
648 2982 862 3066 gratulaturus,
888 2983 1145 3065 Panegyricorum
1169 2985 1290 3048 derode-

195 3094 305 3155 cimum
328 3092 413 3156 dixit.
454 3089 606 3172 Antiquae
635 3092 835 3172 simplicitatis
869 3091 1015 3170 imitatio,
1049 3095 1235 3158 verecundia
1258 3095 1289 3156 in

191 3180 344 3266 laudando
377 3222 444 3266 eam
475 3203 688 3265 commendant
720 3202 889 3264 orationem
921 3219 994 3282 prae
1025 3207 1070 3264 tot
1093 3203 1161 3266 aliis
1183 3198 1291 3268 rheto-

193 3313 258 3376 rica
282 3300 456 3376 adulatione
476 3311 670 3374 tumentibus.
714 3311 801 3374 Hunc
823 3311 1020 3392 ,scriptorem
1040 3311 1135 3376 Plinio
1157 3330 1218 3376 non
1239 3314 1291 3376 in-
1358 3351 1361 3356 ,

193 3422 357 3500 seriorem,
391 3429 420 3484 ct
443 3422 611 3484 orationem
639 3421 703 3484 eius
738 3421 870 3484 omnium
899 3419 988 3484 huius
1011 3423 1078 3484 aevi
1107 3422 1289 3502 scriptorum

193 3531 488 3608 numerosissimam,
509 3530 722 3606 cultissimum,
743 3529 1040 3610 eloquentissimam,
1071 3531 1291 3612 ingeniosissi-

195 3647 293 3701 mam“
314 3645 406 3702 vocat
427 3641 475 3703 vir
496 3639 626 3716 doctus,
650 3639 803 3717 Casparus
824 3637 1016 3715 Barthiusl).
1053 3639 1190 3725 Regnum
1210 3632 1290 3701 libe·
1323 3621 1326 3632 ⁸

192 3746 257 3810 rale
270 3739 436 3831 Theodosii
459 3749 649 3828 superiorum
677 3745 832 3827 tyrannidi
854 3763 1012 3826 opponens
1030 3745 1212 3826 Drepanius,
1231 3761 1290 3828 pa-

246 4027 276 4091 1)
296 4037 356 4090 cap.
375 4025 418 4076 18.
437 4023 508 4077 aiot.
533 4024 596 4076 crat.
616 4025 647 4074 P.
664 4025 699 4091 V,
718 4039 742 4088 p.
763 4025 805 4074 82.

243 4123 319 4188 br·
340 4122 400 4173 ¹4⁵·
882 4122 887 4130 ’

246 4219 276 4287 8)
300 4231 324 4270 o.
342 4219 387 4272 2⁹.

245 4316 276 4384 4)
299 4315 446 4388 Commeat.
463 4312 491 4367 ia
510 4310 653 4368 modian
672 4327 698 4380 p.
716 4313 778 4364 toa.
885 4328 892 4344 ν
