3140 5076
732 301 979 372 ..36-

309 497 418 572 potest.
463 493 496 556 ld
520 500 567 556 εει
587 499 741 556 autemut
761 499 845 560 esset
866 493 958 558 multo
981 493 1081 576 magis
1104 509 1250 576 pugnax,
1281 498 1313 556 ει
1333 511 1409 558 sae-

306 602 374 682 pius
396 602 434 665 ad
459 620 564 666 euram
584 620 687 666 rerum
713 603 751 666 ab
775 603 950 668 elocutione
971 604 1150 684 respiceret.
1191 604 1333 667 Ceterum
1354 602 1407 664 in-

307 715 461 791 terceptus
484 727 605 792 quoquc
634 730 778 794 magnum
811 713 871 776 sibi
892 713 1030 776 vindicat
1050 712 1162 776 locum.
1216 712 1261 777 Ea
1286 718 1333 776 εει
1355 713 1407 776 la-

306 821 429 899 cundia,
453 825 537 884 tanta
558 821 590 883 in
613 822 815 903 explicando,
838 822 919 904 quod
940 822 1034 902 velit,
1061 822 1185 904 gratia3
1215 828 1275 886 tam
1297 822 1407 886 candi-

308 930 379 994 dum
403 937 433 995 et
453 931 523 995 lene
556 937 585 994 et
606 933 780 1012 speciosum
803 932 927 996 dicendi
963 950 1081 1014 genus3
1117 938 1201 995 tanta
1227 931 1402 1011 verborum,

307 1041 397 1102 etiam
418 1055 496 1120 quae
518 1046 671 1120 assumpta
691 1046 762 1104 sunt
781 1042 971 1122 proprietas3
1001 1046 1084 1104 tanta
1106 1041 1139 1102 in
1162 1040 1343 1122 quibusdam
1366 1059 1405 1104 err

305 1149 443 1231 periculo
474 1150 576 1231 petitis
603 1150 850 1232 significantia.“'
864 1157 891 1228 ¹)
938 1151 1114 1214 Rhetoricis
1153 1150 1245 1214 rebus
1278 1168 1404 1230 operam

304 1277 436 1324 navasse
457 1260 562 1323 lulium
575 1259 749 1324 Secundum
771 1261 976 1325 testimonium
999 1260 1146 1324 habemus
1169 1259 1251 1341 quod
1273 1278 1341 1324 eum
1365 1260 1404 1324 de

304 1369 352 1432 his
376 1369 524 1438 doctrinis
554 1368 757 1432 disserentem
786 1370 954 1433 introduxit
982 1375 1089 1433 auctor
1109 1368 1232 1451 Diolopi
1258 1369 1295 1432 de
1318 1367 1403 1432 Oro·

304 1477 447 1553 toribus,
469 1477 552 1541 iuxta
576 1495 665 1558 quem
688 1475 759 1557 ille,
779 1484 812 1540 ut
832 1485 862 1542 et
882 1479 920 1542 Μ.
941 1478 1047 1558 Aper,
1072 1478 1154 1540 dorni
1176 1477 1267 1541 etlam
1300 1478 1403 1542 disse—

303 1586 404 1651 ruisse
425 1587 578 1650 videntur.
620 1588 762 1670 Legimus
785 1589 865 1650 enim
888 1589 919 1650 in
939 1605 976 1652 eo
999 1587 1150 1668 Diolopo:
1178 1589 1241 1666 „ii
1264 1588 1348 1668 Aper
1370 1592 1400 1650 et

303 1695 396 1759 lulius
418 1697 587 1775 Secundus,
611 1696 812 1760 celeberrima
842 1703 904 1759 tum
933 1697 1059 1778 ingenia
1081 1697 1141 1760 lori
1169 1697 1266 1760 nostri
1277 1717 1286 1775 ;
1324 1713 1400 1778 apros

246 1807 247 1812 ’
304 1822 364 1887 ego
386 1806 417 1867 in
440 1805 563 1869 iudiciis
591 1823 653 1868 non
675 1806 939 1887 utrosquemcdo
970 1805 1108 1888 studiose
1132 1805 1314 1886 audiebam,
1344 1805 1399 1870 sed

292 1912 388 1976 domi
411 1931 531 1995 quoqrm
555 1921 589 1978 et
612 1915 642 1976 in
664 1915 787 1995 publico
809 1915 988 1978 assectator
1020 1915 1097 1978 mira
1119 1914 1290 1978 studiorum
1312 1914 1401 1995 cupi·-

234 2055 236 2058 ·
303 2022 397 2086 ditate
420 2029 450 2085 et
472 2023 603 2104 quodam
626 2023 738 2087 ardore
766 2023 916 2103 iuvenili,
942 2031 975 2087 ut
1000 2024 1119 2088 fabulas
1153 2039 1274 2104 quoque
1294 2039 1399 2087 eorum

303 2138 334 2195 et
354 2132 573 2215 disputationes
596 2141 627 2196 et
649 2151 762 2198 arcana
783 2140 920 2198 semotae
949 2133 1093 2197 dictionis
1125 2133 1243 2214 penitus
1272 2135 1401 2213 excipe-

303 2249 447 2321 rem.“²)
490 2244 671 2323 Secundus,
705 2243 775 2306 iulii·
793 2244 924 2307 Asiatici
954 2245 1047 2307 vitam
1080 2243 1291 2324 componendo
1314 2259 1400 2323 spem

303 2354 476 2417 hominibus
513 2354 631 2417 fecerat
662 2353 793 2433 plurium
827 2352 977 2417 eiusmodi
1012 2353 1159 2415 librorum
1186 2355 1229 2430 ³).·
1289 2349 1399 2426 Quanti

300 2462 375 2525 lacti
394 2462 458 2525 sint
479 2460 594 2524 Romae
614 2460 692 2523 Galli
713 2461 855 2524 rhetores
878 2479 978 2524 exeo
1000 2467 1083 2542 patet
1114 2461 1196 2541 quod
1219 2460 1340 2524 Tacitus
1366 2459 1398 2521 in

300 2569 441 2651 Diotcpo,
463 2569 500 2632 de
532 2567 738 2648 Oratoribus,
755 2577 895 2651 praeter
921 2571 1087 2651 Vipsanum
1121 2569 1301 2650 Messalam,
1337 2585 1401 2632 non

303 2680 364 2744 nisi
392 2679 496 2744 Gallos
530 2679 740 2761 colloquentes
769 2680 877 2761 linxit,
911 2680 1016 2745 ambos
1043 2680 1113 2744 illos
1142 2697 1251 2762 nempe
1283 2684 1313 2744 et
1332 2678 1401 2743 lila-

303 2794 422 2853 ternum
438 2791 479 2868 ιι).

397 2899 480 2961 lnter
490 2897 594 2962 Gallos
611 2898 752 2968 rhetores
766 2898 882 2962 Romae
898 2896 1046 2962 docentes
1068 2897 1246 2961 nominasse
1269 2899 1317 2960 sat
1337 2894 1396 2957 erit

302 3008 413 3091 ltofam
426 3013 466 3089 ⁵),
490 3008 541 3088 qui
564 3007 783 3102 discipulorum
804 3007 1001 3072 insolentiam
1023 3013 1165 3088 expertus
1187 3013 1251 3088 est,
1274 3006 1396 3086 dequo

301 3118 458 3182 quenalis
481 3118 580 3199 Satyr.
604 3118 668 3196 Vll,
684 3118 753 3181 1213
777 3123 808 3180 et
829 3117 910 3180 214:

354 3360 382 3426 1)
405 3359 492 3422 Quint.
511 3349 593 3442 144}¹
607 3372 630 3409 c.
650 3359 675 3426 l,
698 3359 758 3426 120,
779 3358 839 3408 iai.
859 3333 970 3410 Florum
986 3362 1015 3410 et
1030 3361 1180 3411 Secundum
1200 3358 1294 3416 Gallos
1311 3359 1397 3410 inisse

397 3450 602 3544 demnsllglttd
613 3451 642 3496 iu
659 3445 727 3498 Hier.
746 3442 824 3497 litter.
851 3446 885 3497 ite
905 3447 936 3498 ta
953 3447 1063 3498 Franco
1079 3449 1102 3515 1,
1131 3450 1161 3498 P.
1180 3449 1202 3512 l,
1224 3447 1275 3499 ira
1293 3451 1349 3496 not
1369 3447 1398 3496 et

398 3536 526 3586 2161101.

352 3626 393 3694 a)
405 3624 480 3677 urat.
499 3624 532 3676 de
553 3624 627 3676 orat.
645 3637 670 3674 c.
688 3623 714 3675 2.

350 3715 381 3781 ³)
402 3712 472 3764 itit.
493 3727 516 3766 c.
535 3713 578 3763 1-1.
1345 3762 1348 3767 .

346 3810 377 3877 4)
395 3811 547 3860 Maternum
564 3821 581 3859 e
598 3809 688 3860 Gallia
707 3809 847 3859 oriundum
872 3809 956 3860 1ιιίεεε
984 3805 1177 3857 demonstrabit
1195 3807 1303 3870 collega
1318 3817 1396 3856 meus

394 3895 559 3948 Franciscos
576 3899 662 3951 nitier
682 3899 710 3946 in
727 3898 958 3958 praestantissima
971 3896 1057 3944 Taciti
1070 3895 1187 3944 editione
1206 3897 1283 3944 cuius
1302 3897 1394 3958 priora

393 3983 531 4034 volumina
551 3996 624 4034 urruc
645 3988 673 4034 in
690 3984 778 4034 lucem
795 3979 961 4046 prodieram:
996 3981 1069 4031 idom
1092 3983 1135 4029 vir
1153 3981 1249 4030 doctus
1267 3982 1394 4032 Materno

394 4069 509 4120 dilucide
527 4072 675 4122 vindicavit
691 4065 878 4137 tragoediam,
906 4073 1021 4122 Annaeo
1039 4070 1162 4118 senecae
1184 4080 1326 4132 perperam
1344 4067 1397 4116 ad-

395 4159 540 4224 scriptam,
567 4160 596 4207 in
623 4161 736 4223 egregio
766 4157 912 4222 opuscolo:
940 4153 1054 4209 ortacia
1078 4160 1234 4221 praetecta.
1269 4157 1392 4225 nonnae,

331 4255 333 4262 ·
397 4240 477 4311 1818,
496 4245 568 4294 iri-8.
599 4291 602 4297 .

344 4332 375 4404 ι)
391 4330 425 4382 ln
443 4330 534 4386 Gallia
552 4334 645 4386 natum
662 4331 779 4388 affirmat
794 4333 874 4385 retus
891 4331 1029 4388 luvenalis
1047 4333 1223 4388 scholiastes.
