3140 5076
705 209 950 304 ..qq-7

276 399 388 466 fortem
407 417 445 466 ac
466 397 574 468 rudem
594 401 836 470 anteferendam.
880 403 1006 488 insigne
1029 397 1068 467 de
1087 399 1162 466 hae·
1177 416 1213 466 re
1235 399 1302 468 eius
1323 417 1379 468 ro-

277 528 424 594 sponsum
442 514 537 579 refert
551 514 679 580 Seneca.
704 514 886 595 ,homones
906 513 1055 594 Votienus,
1069 515 1116 578 sic
1135 518 1241 578 narrat
1255 514 1372 595 rhetor,

277 623 356 687 adeo
379 641 532 708 nunquam
554 625 768 690 ostentationis
791 625 977 691 declamavit
998 641 1109 718 causa,
1138 631 1170 688 ut
1191 641 1231 690 ne
1252 625 1378 690 exerci-

276 737 355 796 tatus
389 733 511 816 quidem
541 733 770 799 declamaverit.
827 735 987 800 Rationem
1016 733 1176 815 quaerenti
1206 733 1280 828 mibi
1316 734 1375 797 ait:

276 842 378 906 Utram
399 842 471 906 vis?
511 842 692 924 honestam,
725 861 765 907 an
786 843 914 908 veram?
958 843 991 908 si
1013 842 1192 923 honestam,
1215 860 1274 907 nae
1295 842 1376 906 male

276 968 463 1016 assuescam.
509 951 568 1028 Qui
590 951 844 1017 declamationem
865 959 963 1034 parat,
985 952 1103 1032 scribit,
1123 970 1188 1015 non
1207 952 1375 1042 utvincat,

276 1059 386 1125 sedat
406 1060 535 1143 placeal.
581 1060 691 1125 Omnia
712 1063 813 1144 itaque
834 1062 989 1133 lenocinia
1011 1062 1053 1125 ita
1076 1061 1245 1144 conquirit:
1279 1079 1376 1144 argu-

277 1170 503 1264 mentationes,
527 1171 599 1254 quia
620 1171 769 1236 molestae
791 1178 884 1250 sunt,
915 1177 945 1235 et
964 1171 1120 1234 minimum
1141 1169 1254 1234 habent
1276 1169 1372 1251 lloris,

277 1279 439 1363 relinquit3
458 1282 620 1346 sententiis
640 1282 956 1364 explicationibusque
972 1280 1130 1345 audientes
1152 1279 1284 1344 delinire
1297 1297 1376 1344 con·-

276 1396 377 1472 tentus
399 1396 455 1454 esl.
494 1389 588 1478 Cupit
610 1390 747 1455 enimse
767 1373 948 1471 approbare,
972 1407 1034 1452 non
1055 1407 1189 1453 oausam.
1234 1388 1377 1477 Sequitur

276 1505 377 1564 aulem
397 1498 459 1562 boo
479 1498 627 1580 usquein
648 1497 748 1561 lorum
769 1497 993 1563 declamatores
1015 1499 1139 1579 vitium,
1172 1503 1204 1561 ot
1225 1515 1376 1562 necessa-

276 1609 323 1672 ria
345 1609 501 1688 deserant,
525 1609 596 1672 dum
618 1608 762 1690 speciosa
783 1613 956 1672 sectantum
983 1615 1019 1686 ¹).
1077 1610 1106 1674 ls
1135 1615 1198 1672 lum
1221 1615 1288 1672 erat
1307 1626 1374 1674 mos

277 1719 419 1783 omnibus
441 1718 508 1784 lere
530 1717 705 1804 oratoribus
726 1720 907 1782 communis.
1264 1695 1267 1704 λ

337 1813 340 1821 ’
376 1828 517 1894 Generis.
532 1828 656 1893 dicendi
689 1829 776 1892 lortis
808 1835 838 1892 et
868 1827 1059 1894 vehementis
1087 1829 1175 1912 plura
1206 1828 1375 1912 specimina

275 1937 400 2006 exhibet
419 1939 555 2004 llontani
577 1939 693 2004 amicus
715 1938 858 2015 Seneca3
900 1939 980 2002 inter
1012 1937 1072 2003 alia
1093 1939 1213 2022 legatur
1231 1939 1374 2004 controv.

274 2049 294 2113 l.
318 2047 369 2129 lV,
392 2066 421 2112 o.
446 2028 496 2112 25.
540 2049 636 2114 Huius
667 2048 881 2131 eloquentiae,
910 2048 1034 2130 propius
1057 2048 1096 2113 ad
1119 2054 1257 2112 naturam
1280 2066 1376 2112 acce-

275 2158 388 2239 dentis,
408 2173 633 2244 generosarum
655 2159 873 2223 sententiarum
895 2158 1104 2248 etgravitatis
1125 2158 1279 2222 oratoriae
1304 2156 1377 2220 lon-

275 2275 336 2336 tem
357 2271 526 2351 reperimus
547 2270 700 2333 virtrrtem.
735 2269 782 2333 De
804 2269 864 2332 boo
887 2268 1117 2347 oratorelvalet
1141 2268 1235 2331 illud:
1267 2267 1375 2332 Pectus

275 2384 322 2442 eat
349 2377 430 2458 qood
456 2377 603 2440 werlaon
626 2376 712 2457 [coit.
756 2363 953 2441 Senescentis
978 2377 1059 2440 enim
1086 2377 1200 2442 Tiberii
1228 2378 1302 2441 vitia
1324 2377 1376 2440 in-

275 2491 421 2582 sectatus,
445 2484 531 2550 exsul
551 2485 582 2550 in
603 2484 781 2548 Balearibus
804 2484 912 2549 insulis
937 2491 965 2567 2)
998 2485 1165 2550 maiestatis
1196 2486 1303 2568 poenis
1326 2483 1375 2548 al-

275 2595 374 2660 lectus
409 2585 466 2672 est,
508 2595 580 2659 Post
614 2601 677 2659 tres
708 2612 806 2658 annos
842 2595 946 2659 taedio
980 2596 1139 2660 conlectus
1173 2595 1253 2658 diem
1289 2592 1372 2656 obiit.

262 2704 323 2780 ¹llli
347 2722 411 2768 non
446 2722 561 2786 aequus
583 2705 714 2768 Vinilius
747 2706 938 2779 accusatoris
966 2713 1069 2790 partes
1101 2705 1179 2788 apud
1209 2703 1374 2769 Gaesarem

275 2811 465 2898 susceperat,
487 2833 505 2879 a
528 2815 650 2879 colonia
671 2815 887 2879 Narbonnensi
909 2823 1036 2899 rogatus
1056 2819 1103 2897 ³),
1125 2833 1203 2898 quae
1221 2815 1289 2879 sine
1312 2813 1373 2876 du-

277 2925 329 2990 bio
352 2943 465 3008 expers
488 2925 589 2990 videri
610 2924 760 3005 volebat,
789 2917 927 2990 criminis
956 2927 1057 3014 dicam
1078 2944 1118 2991 an
1139 2924 1285 2996 virtutis?
1316 2924 1376 2986 im-

275 3035 382 3118 pavidi
397 3040 428 3100 et
448 3034 576 3118 ingenio
599 3032 704 3098 eximii
725 3034 773 3097 sui
796 3035 885 3098 civis.

374 3143 530 3228 Eloquens
552 3143 715 3223 sanescit,
739 3161 802 3207 non
824 3149 925 3207 autem
947 3144 1053 3220 fortis,
1086 3141 1163 3204 alter
1185 3143 1237 3206 ille
1260 3139 1374 3220 Gallus,

277 3253 329 3336 qui
349 3253 466 3318 Romo
486 3253 619 3332 Tiberio,
642 3270 737 3334 porro
749 3252 916 3336 Caligulae,
940 3251 1073 3331 denique
1091 3248 1219 3327 Neroni,
1243 3265 1376 3310 accusa·

246 3415 250 3424 .
275 3362 386 3426 loriam
406 3361 547 3427 vendidit
568 3361 773 3444 eloquentiam
794 3361 961 3426 industrios
984 3359 1113 3424 delator.
1157 3357 1219 3421 Sub
1240 3354 1373 3436 Tiberio,

278 3488 358 3550 oum,
379 3477 413 3534 ut
434 3471 476 3536 ait
497 3471 646 3568 lacibus,
668 3477 900 3552 ,accusatorum
933 3469 1031 3532 maior
1059 3467 1160 3531 indies
1182 3472 1213 3530 et
1233 3464 1375 3530 infestior

276 3572 412 3638 alesine
436 3573 609 3638 levamento
630 3579 843 3658 grassaretuu‘
863 3573 916 3651 ²¹),
945 3570 1056 3635 divites
1078 3569 1260 3651 nobilesque
1280 3567 1375 3630 victi-

329 3859 359 3925 ι)
377 3861 481 3913 seneca
498 3859 546 3913 nr.
564 3859 594 3912 e
609 3861 630 3912 ι.
647 3860 690 3913 nr
708 3833 833 3913 commo.
1004 3927 1007 3938 Ι

326 3957 359 4023 2)
377 3955 412 4008 B.
430 3955 611 4020 mmmmm
630 3956 659 4008 ta
677 3956 775 4010 mosot.
796 3957 894 4010 obsum
912 3959 947 4012 ad
967 3971 1066 4012 annum
1082 3957 1183 4010 l'lberlt
1200 3953 1243 4007 ll.
1261 3955 1375 4006 lllennlo

374 4054 437 4104 aaa
454 4051 607 4104 emouere
626 4055 758 4107 aceruum
778 4037 871 4108 rerem.

276 4209 281 4216 ,
327 4151 359 4216 ⁸)
377 4149 491 4218 moa,
512 4149 532 4202 l.
554 4147 612 4219 111,
634 4149 760 4204 controv.
778 4153 824 4204 llo.
923 4143 926 4149 '

326 4248 359 4315 a>
376 4243 478 4300 ιιωι.
494 4246 544 4316 nv,
562 4248 606 4300 m.
