3140 5076
679 281 718 295 ,.
776 245 925 316 00...

254 443 383 517 πιανῶ).
427 434 559 498 Mende
584 435 644 499 alio
666 436 863 515 Baiocassio,
894 436 989 516 stirpe
1020 451 1142 517 quoque
1163 435 1346 502 Druidarum

255 552 334 624 sato,
358 545 447 608 nobis
470 545 633 611 dicendum
648 553 682 622 Ι).

351 654 516 719 Rhetorum
538 655 744 735 compluribus
766 637 887 735 honos,
911 673 1041 735 nomen,
1066 655 1235 738 laudesque
1258 673 1346 720 mon-

254 769 367 827 serunt.
410 761 569 840 luciolus,
593 779 620 824 e.
642 782 691 846 g.,
716 763 862 844 deinceps
886 763 1131 845 condiscipulus,
1152 765 1300 847 magister
1319 770 1350 828 et

254 872 374 954 collega
392 871 544 950 Ausonii,
575 871 726 936 facundus
754 872 927 954 doctusque
949 874 1005 936 luit
1024 875 1087 952 vir,

340 1067 344 1074 1
670 1027 808 1043 .....
832 999 887 1045 seu
908 983 979 1066 lege
1000 989 1165 1045 metrorum

457 1089 598 1168 Condita,
621 1108 677 1153 seu
695 1091 796 1171 prosis
816 1091 954 1154 solveret
975 1110 1045 1155 orsa
1067 1091 1166 1154 modis
1174 1112 1183 1168 ;

252 1213 370 1262 morum
389 1199 552 1278 probitate,
576 1200 771 1278 amoenitate,
793 1206 985 1281 praematura
999 1217 1075 1263 vero
1095 1205 1193 1262 morte
1210 1203 1343 1278 ereptus,

253 1325 357 1371 caram
374 1307 491 1386 amicis,
509 1308 607 1386 fratri,
622 1309 747 1390 coniugi
759 1309 807 1372 sui
825 1309 1004 1371 memoriam
1017 1308 1140 1389 reliquit
1149 1313 1188 1388 ²).
1215 1306 1350 1376 Aletddos

252 1415 432 1495 Minerviae,
455 1416 493 1484 de
517 1417 603 1480 ouius
627 1422 713 1497 patre
735 1416 816 1480 inira
836 1426 881 1497 (p.
894 1416 963 1495 70),
984 1417 1166 1497 „primaevis
1189 1414 1299 1478 doctor
1316 1416 1349 1488 in

253 1527 341 1612 annis
362 1531 392 1590 et
413 1531 597 1606 praeceptor
624 1532 761 1606 tompore
784 1543 844 1606 quo
867 1525 990 1589 discere
1024 1525 1158 1589 adultum
1179 1542 1242 1588 non
1262 1531 1350 1605 turpe

253 1634 383 1712 foret,“
428 1636 588 1698 virtutibus
621 1640 651 1697 et
685 1634 766 1698 lama
797 1635 982 1698 connubium
1025 1634 1128 1698 nobile
1163 1634 1347 1714 divitiasque

252 1749 359 1806 nactus
382 1750 446 1822 est,
480 1761 543 1805 non
565 1745 632 1808 sine
653 1749 736 1807 tactu
757 1743 901 1807 invidiae.
947 1743 1153 1826 ,Burdigalae
1173 1743 1271 1806 laetus
1292 1760 1351 1823 pa-

253 1851 330 1914 triae
354 1851 437 1915 clara
461 1852 596 1916 cohortis
619 1853 732 1915 vexilla
755 1852 835 1926 rexit
865 1852 980 1932 pubere
1003 1853 1035 1914 in
1058 1854 1205 1930 aevoss).“
1253 1850 1349 1912 Tdeo-
1381 1889 1389 1904 .

253 1977 330 2037 nem,
349 1968 582 2041 praeceptorum
603 1967 634 2024 et
655 1960 861 2041 exemplorum
886 1961 1047 2024 oratoriae.
1072 1961 1146 2024 artis
1167 1958 1349 2038 traditione,

251 2070 309 2142 suh
329 2070 463 2149 loliano,
488 2071 636 2134 illustrem
658 2072 690 2133 in
714 2070 810 2134 Gallia
831 2070 941 2134 famam
972 2077 1171 2134 consecutum
1192 2070 1347 2150 Euoapius

254 2186 362 2246 auctor
384 2186 430 2245 est
442 2183 482 2259 l).
524 2171 526 2176 ’

353 2289 490 2354 Gratiani
510 2296 540 2351 et
560 2289 767 2353 Theodosiani
797 2295 935 2368 ternpore
957 2288 1037 2350 inter
1057 2292 1250 2369 praestantes
1273 2287 1350 2350 rhe-

253 2403 336 2469 tores
357 2397 460 2461 lloruit
483 2397 628 2459 Titianus.
672 2397 868 2478 imperatoris
886 2395 1043 2459 Maximini
1066 2396 1078 2458 l
1100 2397 1258 2459 voluntate
1278 2397 1347 2460 lla-

181 2562 184 2569 .
252 2505 399 2568 ximinum
420 2507 512 2570 lilium
542 2507 745 2589 eloquentiam
770 2506 890 2584 docuit,
928 2511 1017 2586 atque
1049 2505 1088 2567 ob
1119 2504 1150 2568 id
1174 2483 1349 2570 consularia

254 2620 431 2678 ornamenta
447 2618 572 2680 sortitus
589 2622 644 2678 est.
688 2615 868 2695 „Gloriosus
880 2614 1093 2696 municipalem
1113 2614 1251 2678 scholam
1270 2614 1349 2696 apud

254 2721 465 2786 Visontionem
487 2725 727 2807 Lugdunumque
746 2722 915 2801 variando,
944 2740 1006 2785 non
1028 2729 1128 2804 aetate
1150 2723 1271 2803 quidem
1287 2724 1348 2787 sed

253 2830 381 2914 utilitate
403 2833 488 2908 (aliiz
510 2832 640 2912 cititote)
664 2831 826 2896 consenuit
841 2835 898 2907 ⁵)ss
942 2831 989 2894 Dc
1012 2849 1049 2894 eo
1069 2831 1248 2894 Ausonius:

536 2940 703 3021 Aesopiam
725 2938 915 3017 trimetriam,

535 3051 630 3124 Quam
652 3050 743 3112 uertit
766 3048 838 3111 exili
860 3047 942 3126 stilo,

536 3157 682 3220 Pedestre
706 3158 897 3220 concinnans
923 3173 1011 3237 opuS,

535 3264 631 3327 Fandi
652 3264 788 3327 Titianus
813 3264 924 3327 artilex
936 3265 974 3343 ⁶).

350 3372 512 3434 Variorum
535 3373 718 3453 scriptorum
741 3391 823 3436 nunc
846 3372 1073 3453 deperditorum
1107 3377 1216 3434 auctor
1238 3372 1343 3452 fertur,

249 3461 331 3562 ⁴quae
351 3480 507 3545 servilium
528 3481 697 3544 litterarum
717 3501 822 3546 veram
844 3481 1009 3564 imaginem
1026 3480 1218 3561 expressisse
1235 3481 1348 3546 viden-

307 3791 334 3858 1)
354 3791 430 3842 intra
446 3804 471 3854 p.
492 3790 535 3841 6¹7.

299 3895 331 3958 2)
348 3891 451 3944 Aaron.
470 3893 592 3958 Proteos.
614 3894 661 3945 iii.

303 3991 335 4053 8)
356 3986 395 4038 rt.
415 3987 463 4037 VI.

301 4079 539 4153 appeteremur
563 4074 685 4147 ortiawtrt
706 4087 830 4139 vectam.
848 4102 873 4152 p.
889 4087 951 4140 415.

301 4180 332 4244 d)
350 4176 452 4229 Aeson.
473 4177 597 4234 damma.
619 4179 690 4232 certo
710 4194 735 4233 c.
754 4182 797 4234 10.

302 4278 333 4341 θ)
352 4271 439 4342 ΕΜ.
457 4275 533 4348 xv1,
551 4277 667 4328 78-81.
