3140 5076
632 271 880 340 „¹3-

205 455 242 528 ,ei
261 447 430 550 litterarum
451 452 543 520 sedes
566 462 666 534 esset;
696 471 802 518 verum
825 472 881 536 per
902 452 1115 538 ephemerides
1136 454 1231 534 (Acta
1248 454 1308 522 Sn-

208 565 312 641 natus,
332 564 412 625 Acta
433 564 566 644 publica,
580 565 700 644 diurna,
714 572 810 643 caet.)
833 571 923 647 atque
945 582 1001 644 per
1022 563 1145 628 scholas
1160 570 1190 627 et
1202 564 1308 629 scien-

208 669 322 735 tiarum
343 673 571 763 commercium,
594 674 774 756 provinciae
796 690 864 736 cunr
884 672 965 737 Urbe
985 689 1067 736 nouo
1087 672 1218 753 modam
1236 671 1309 736 uin-

214 777 283 840 culo
309 786 575 850 connecterentur.
618 782 693 847 inde
726 783 787 845 iam
817 780 1017 862 provincialis
1039 798 1141 844 sermo
1164 786 1196 844 ct
1214 779 1311 844 urba-

214 903 283 966 nus,
304 890 503 968 provincialis
526 891 699 974 eloquentia
723 897 753 954 ei
766 891 883 955 urbana
904 891 986 955 inter
1005 907 1041 954 se
1062 888 1215 954 dissidere
1235 905 1313 969 pan-

214 993 299 1060 latim
322 998 480 1064 desienmt
504 1009 540 1080 ¹).
585 1002 629 1066 iia
664 1001 776 1066 iactum
800 1007 868 1082 est,
902 1002 985 1083 quod
1012 999 1194 1083 paradoxon
1214 998 1315 1064 videri
1359 1080 1361 1086 .

214 1113 336 1187 potest,
359 1115 392 1171 ui
413 1128 519 1175 verum
543 1111 679 1175 Gallicae
708 1111 903 1192 eloquentiae
925 1115 957 1176 ei
982 1109 1158 1174 rhetoricae
1184 1125 1315 1191 renunt

215 1214 454 1296 imperatoribus
476 1220 678 1302 regnantibus
701 1238 805 1310 orsum
828 1220 877 1283 sii.
920 1220 994 1287 'ihm
1017 1219 1109 1298 enirn,
1132 1219 1232 1282 fracia
1253 1217 1317 1282 lia—

216 1322 279 1388 liae
300 1324 452 1408 iibertate,
477 1347 624 1397 exarsere
643 1331 737 1395 animi
758 1329 939 1396 industriosi
960 1329 992 1392 in
1005 1327 1170 1394 Galliarum
1189 1320 1319 1410 provin-

216 1434 266 1500 cia
288 1436 425 1502 Romana
448 1445 504 1521 ²)..
536 1503 539 1508 ,
1152 1501 1153 1504 ,
1189 1499 1193 1506 .

327 1547 387 1612 Vix
408 1567 426 1612 a
450 1548 585 1616 Caesare
608 1550 751 1614 debellati
774 1550 853 1614 Galli
868 1553 896 1626 3)
918 1550 1073 1614 Romanos
1095 1548 1233 1612 victores
1252 1565 1323 1614 ser·

220 1657 320 1720 monis
342 1658 470 1738 imperio
492 1677 605 1742 regere
626 1667 837 1741 susceperunt.
880 1659 991 1724 hiultos
1013 1658 1177 1738 rhetores,
1210 1663 1320 1722 oram

219 1781 332 1845 resque
353 1767 479 1830 Romam
502 1769 660 1832 miserunt.
704 1769 810 1833 biobili
833 1774 863 1831 et
887 1768 983 1832 alacri
1018 1769 1139 1848 animo,
1171 1765 1321 1831 industria

221 1873 431 1954 excellentes,
463 1883 534 1951 ταῖς
555 1878 590 1938 δὲ
614 1880 768 1952 διανοίαις
792 1871 892 1957 ὅξεῖς,
924 1885 958 1944 ui
987 1879 1030 1942 aii
1049 1878 1207 1942 Diodorus
1229 1877 1322 1941 Sicil-

221 1980 269 2044 ius
290 1986 332 2062 ¹¹),
356 1982 508 2048 fortunam
529 1986 803 2067 prosequebantur,
828 1987 1079 2068 assequebantur.
1135 1985 1240 2068 Gallos
1253 1983 1325 2048 uia-

222 2090 290 2154 vins
313 2089 465 2172 Vopiscus
483 2100 626 2176 „geniem
649 2095 806 2158 bominum
830 2096 1083 2176 inquietissimam
1105 2101 1219 2174 uocat,
1256 2093 1326 2157 ari-

223 2199 313 2279 ,dam
333 2219 455 2282 semper
490 2203 539 2266 vel
559 2203 696 2268 faciendi
717 2204 867 2286 Principis
894 2204 944 2269 vei
974 2205 1127 2288 imperii.“
1150 2207 1178 2283 ⁵)
1228 2203 1326 2266 inris-

435 2361 505 2372 ...-

217 2477 222 2486 ·
279 2457 308 2523 1)
333 2457 532 2531 wormac,
553 2463 648 2515 aesca.
665 2463 691 2515 a.
711 2466 780 2515 mm.
798 2449 1020 2528 smirnamum,
1039 2459 1119 2523 aas.
1138 2455 1327 2512 seso-mm.

324 2547 514 2621 Elegantiores
533 2561 623 2611 tamen
638 2562 709 2612 inter
725 2561 822 2610 doctos
838 2561 987 2626 Romanoa,
1008 2559 1054 2621 qui
1071 2557 1143 2610 bivii
1162 2557 1328 2620 patariaita·

216 2695 221 2702 .
330 2656 383 2704 tem
401 2657 570 2723 carpebant,
594 2659 793 2721 provinciaram
821 2655 934 2708 latinum
951 2665 1105 2708 sermonem
1122 2663 1192 2705 naso
1210 2663 1328 2718 ιιιιμι-

326 2752 427 2804 debant
446 2755 562 2806 adunco.
617 2774 619 2778 ¹

279 2847 310 2910 ii)
330 2847 434 2898 Romae
454 2850 518 2900 item
548 2861 583 2900 eo
604 2852 744 2916 ternpore,
770 2851 907 2915 rhetorum
934 2847 1046 2899 scholae
1074 2848 1163 2912 magis
1187 2847 1328 2910 nmque

327 2943 485 3012 floruerunt,
505 2946 576 3008 quod
594 2947 701 2995 minime
719 2947 814 2994 mirum
823 2976 834 3010 ,
852 2947 974 3007 quamvis
992 2943 1183 2995 celeberrimus
1203 2942 1328 3005 hiep-nius

326 3041 485 3102 scripserit:
512 3041 628 3107 „hiirari
650 3039 714 3090 licet
732 3029 803 3090 inter
820 3041 959 3089 Romanos
979 3038 1088 3087 scholas
1105 3038 1256 3088 rhetoricas
1275 3039 1328 3086 tuna

326 3137 444 3187 maxime
461 3137 652 3205 increbuisse,
675 3133 926 3199 cnm'eioquentiae
943 3133 993 3185 iios
1012 3137 1040 3185 et
1058 3133 1146 3184 honos
1164 3133 1261 3183 dudnm
1279 3132 1330 3183 de-

327 3231 467 3301 duxisset,
496 3235 664 3286 ndumentis
691 3245 726 3284 ex
743 3235 803 3297 ipso
821 3245 913 3283 rerum
930 3234 993 3282 actu
1014 3231 1169 3298 subductis,
1187 3241 1249 3280 csnn
1267 3230 1325 3280 eius

327 3343 392 3382 usus
409 3333 437 3380 in
454 3332 537 3383 rebus
556 3333 683 3396 gerendis
702 3307 843 3382 viresset
861 3329 946 3400 nlius,
962 3329 1175 3404 quandoquidem
1193 3337 1246 3378 nec
1268 3337 1328 3376 cunr

325 3429 426 3493 populo
446 3430 588 3498 agebatur,
607 3429 635 3478 in
653 3419 755 3480 &nain
773 3429 925 3478 senoendae
944 3429 1024 3477 cante
1042 3435 1077 3477 ac
1095 3426 1202 3492 timide,
1219 3435 1275 3475 non
1291 3425 1328 3478 ii-

219 3567 223 3574 .
328 3524 394 3576 bere
412 3526 441 3576 et
459 3527 568 3595 diserte,
587 3526 757 3591 dicebantur,
776 3525 805 3574 in
825 3523 887 3574 roro
908 3523 997 3574 autem
1018 3523 1231 3574 cauasidioorunr
1250 3531 1326 3572 rner-

328 3625 456 3674 eenariae
475 3634 561 3674 voces
579 3623 722 3692 sonabant.
756 3621 836 3672 Nrrnc
859 3620 1102 3688 tannenrbetcrunr
1122 3617 1327 3670 exercitationi-

327 3719 395 3787 bus,
413 3721 545 3770 suasoriis
555 3753 564 3786 ,
583 3719 843 3784 deliberationibus,
865 3716 1104 3781 accusationibus,
1123 3711 1330 3778 perstrebebant

327 3813 458 3878 pergenae
482 3816 510 3864 et
533 3814 722 3878 discipulorum
745 3789 914 3864 cathedrae:
944 3820 999 3858 non
1023 3807 1102 3858 aliter
1124 3785 1200 3857 acsi
1221 3808 1328 3856 mimn-

326 3911 441 3974 agerent
457 3911 586 3973 pristinae
604 3910 679 3960 vitae
698 3910 727 3959 et
743 3909 880 3972 dignitatis
898 3907 932 3973 ii,
961 3904 1057 3967 quibus
1083 3905 1178 3968 erepta
1198 3904 1259 3956 eran
1274 3911 1327 3955 π’·

325 4007 424 4056 ncesse
442 4004 588 4070 (οριιωι.
606 4003 693 4056 nem.
710 4003 760 4071 vn,
777 4003 824 4070 sa,
840 4003 901 4067 aa).
1059 3982 1061 3986 ’
1255 4017 1257 4026 =

281 4101 458 4165 apamen.
479 4097 817 4169 eenamcenam.
880 4085 882 4090 ’

283 4198 315 4261 4)
335 4199 398 4250 bib.
415 4197 452 4268 V,
471 4211 496 4249 e.
516 4197 559 4249 oi.

280 4295 312 4360 ιι)
332 4292 530 4350 insucatae
548 4295 604 4346 mre
