3140 5076
704 289 977 358 -too—

286 488 334 548 sat
355 481 423 564 erit,
438 481 623 566 Aproctmm,
645 484 696 566 qui
710 484 813 548 medio
832 483 938 548 seculo
962 482 1066 564 quinto
1083 483 1174 566 Capri
1194 483 1328 547 libellum
1350 482 1388 546 de

288 593 507 676 orthographia
549 612 630 657 nova
671 595 928 657 commentatione
965 593 1127 656 illustravit
1166 599 1196 656 et
1231 594 1315 656 auxit
1340 600 1387 672 ¹),

286 703 434 784 cuiusque
465 703 694 784 „daciptinann
717 704 862 768 Sidonius
883 704 993 768 laudat.

384 813 442 876 llic
463 813 529 894 ipse
554 813 585 876 C.
609 813 730 876 Solinus
753 814 943 892 Apollinaris
969 813 1132 902 Sidonias,
1167 814 1306 896 Lugduni
1328 831 1386 876 na-

285 925 342 1001 tus,
364 922 533 988 litterarum
555 941 661 986 amore
683 943 700 988 a
723 925 863 1004 pueritia,
890 925 1004 988 deinde
1027 931 1058 987 et
1073 925 1240 987 ambitione
1256 941 1388 1005 percus-

283 1048 357 1109 sus,
385 1050 425 1096 ex
447 1038 585 1114 tempore
613 1032 662 1096 vel
691 1051 799 1097 vorsus
829 1033 986 1116 elegantes
1017 1033 1176 1096 effundere
1209 1031 1259 1096 vel
1282 1038 1388 1096 orator

283 1159 452 1224 exsurgere
482 1141 606 1222 valens,
646 1144 761 1207 moritis
803 1145 867 1206 suis
902 1150 932 1207 et
962 1143 1097 1206 amicitia
1131 1143 1298 1206 Caesarum
1332 1160 1387 1222 per

283 1268 391 1314 omnes
419 1254 652 1334 magistratuum
675 1253 790 1335 gradus
821 1254 886 1317 lere
914 1253 952 1317 ad
975 1253 1125 1318 honorum
1139 1252 1308 1334 ¹fastigium
1331 1269 1386 1314 as-

283 1360 394 1424 cendit.
451 1362 533 1424 Inter
564 1363 731 1444 scriptores
763 1369 794 1424 ct
826 1363 936 1426 doctos
965 1363 1125 1442 homines,
1157 1378 1286 1443 quorum
1314 1367 1386 1422 tune

282 1486 411 1552 magnus
435 1469 491 1532 luit
509 1487 664 1550 numerus,
686 1488 875 1553 quorumque
897 1471 1061 1534 amicitiam
1084 1471 1196 1548 coluit,
1226 1469 1386 1552 quasi'lit-

284 1584 449 1643 teratorum
469 1581 612 1663 princeps
635 1582 807 1645 incedebat.

383 1690 456 1754 Eius
487 1692 601 1771 scripta
630 1709 777 1754 summam
816 1692 976 1773 quamdam
1006 1691 1173 1755 litterarum
1202 1691 1384 1756 Gallicarum

282 1817 320 1863 eo
351 1799 457 1863 seculo
492 1801 657 1865 continent.
725 1803 843 1865 Etenim
878 1821 917 1864 ex
955 1802 993 1865 iis
1028 1809 1197 1865 noscuntur
1229 1803 1280 1884 qui
1313 1809 1383 1864 tunc

283 1907 408 1973 lacuudi
430 1910 524 1973 babiti
548 1911 679 1973 luerunt.
725 1911 916 1974 Carminibus
943 1916 972 1974 et
995 1927 1104 1974 novem
1120 1911 1322 1992 Epistularum
1344 1909 1384 1972 li-

280 2017 361 2097 bris,
394 2019 426 2080 in
463 2020 572 2101 quibus
596 2019 809 2100 ephemeridas
834 2019 998 2082 litterarias
1023 2021 1089 2086 eius
1113 2020 1258 2101 temporis
1286 2019 1384 2083 lrabe-

280 2144 368 2206 mus,
408 2128 559 2191 inclaruit.
626 2129 659 2190 ln
692 2130 805 2210 poesi,
843 2129 1002 2210 magisque
1034 2129 1066 2190 in
1096 2129 1196 2191 soluta
1224 2131 1381 2208 oratione,

278 2243 424 2318 perpetua
457 2238 630 2321 elegantiae
653 2238 848 2302 affectatione
869 2238 1046 2302 barbariem·
1068 2238 1165 2302 seculi
1188 2245 1313 2304 testatus
1336 2246 1382 2302 est

279 2352 310 2408 et
330 2364 442 2410 novam
463 2349 637 2412 barbariem
660 2349 854 2430 eloquentiae
876 2350 1031 2412 Romanae
1055 2349 1163 2412 intulit.
1202 2350 1245 2412 Ea
1268 2350 1382 2430 scripta

279 2458 438 2520 coaetanei
459 2457 548 2521 valde
569 2457 739 2522 laudarunt.
789 2458 932 2532 Quamvis
955 2459 1048 2522 nimio
1068 2459 1133 2522 sale
1155 2476 1278 2540 aspersa
1309 2459 1380 2538 sint,

276 2582 379 2629 rerum
395 2565 526 2628 varietas
541 2572 571 2629 et
585 2566 752 2646 plenitudo,
766 2569 984 2630 sententiarum
1004 2569 1125 2632 novitas
1141 2574 1172 2632 et
1185 2567 1380 2646 abundantia,

274 2677 443 2755 delectaut3
468 2678 577 2741 crebro
599 2695 709 2742 sensus
732 2678 841 2759 aliquis
863 2683 970 2760 arguta
988 2677 1139 2742 brevitate
1160 2677 1296 2762 effulget,
1318 2678 1377 2739 nisi

276 2787 434 2853 brevitatis
457 2789 615 2871 quaesitae
636 2789 737 2852 studio
761 2789 951 2852 obscuratur.
976 2787 1185 2871 Quadraginta
1208 2782 1305 2850 annos
1323 2806 1381 2852 na-

278 2904 335 2978 tus,
371 2898 621 2975 Arvernorum2)
641 2899 803 2980 episcopus
825 2898 1030 2975 renuntiatus,
1054 2897 1093 2960 ab
1118 2896 1290 2978 opulentiae
1323 2897 1382 2959 de-

276 3007 357 3072 liciis
386 3015 416 3072 et
446 3009 621 3073 ambitionis
655 3009 822 3071 bonoribus
855 3007 984 3071 descivit
1011 3006 1155 3070 Sidonius
1187 3006 1225 3069 ad
1259 3005 1381 3069 intimas

277 3119 369 3182 animi
391 3119 549 3182 christiani
570 3118 709 3198 delicias,
742 3119 780 3182 ad
805 3118 886 3180 illum
909 3118 1059 3180 honorem
1082 3135 1170 3198 quem
1197 3118 1279 3180 Deus
1310 3117 1381 3178 ani-

276 3247 344 3291 mae
363 3227 512 3291 deceruit.
550 3229 697 3291 Sincerae
718 3229 784 3290 eius
806 3229 836 3289 in
858 3207 1075 3307 poenitentiam
1093 3243 1265 3291 conversae
1285 3226 1379 3289 menti

276 3336 450 3398 testimonio
473 3338 514 3399 sit
537 3337 576 3399 de
597 3336 706 3399 litteris
728 3338 759 3397 in
783 3336 889 3398 melius
912 3354 1094 3399 conversum
1119 3335 1273 3399 iudicium.
1310 3336 1380 3399 Ab·

278 3444 350 3507 inde
373 3444 453 3507 enim
477 3445 663 3527 simpliciore
688 3451 777 3526 atque
800 3444 838 3507 ad
866 3451 993 3508 naturae
1017 3462 1154 3508 normam
1179 3445 1304 3526 propius
1324 3465 1381 3508 ac-

279 3554 408 3619 cedente
436 3554 515 3638 stylo
538 3555 675 3619 scribere
704 3556 820 3637 coepit,
845 3556 982 3618 veritatis
1006 3575 1098 3619 verus
1130 3556 1289 3634 interpres.

363 3665 439 3730 lllud
457 3666 578 3730 tandem
594 3666 795 3730 recordemur
817 3665 898 3746 quod
918 3666 1029 3729 asserit
1049 3666 1098 3728 vir
1111 3664 1229 3734 doctus
1245 3664 1378 3745 quidam,

276 3774 385 3853 „etiam
414 3775 635 3838 infelicissimis
665 3776 851 3855 temporibus
876 3774 1066 3855 superluisse
1088 3773 1205 3836 Galliae
1239 3780 1379 3837 oratores

277 3900 371 3960 suos,
411 3900 479 3946 cum
502 3883 575 3946 Urbi
598 3883 656 3962 ipsi
680 3883 892 3960 deessent-³).tt

289 4012 581 4026 Μ-οι-ιῠ

333 4084 363 4147 1)
385 4081 519 4134 Maccius
536 4083 568 4134 de
587 4083 674 4133 lacrli
691 4089 717 4134 ct
732 4083 867 4149 decrepita
885 4083 918 4134 L.
934 4084 965 4134 b.
984 4089 1080 4133 seruent.
1100 4084 1118 4132 i.
1137 4085 1175 4133 ru
1194 4084 1219 4142 S.
1233 4083 1274 4134 lo.

330 4173 361 4239 2)
382 4170 654 4292 Oppromontanorum
664 4188 673 4238 3
702 4175 792 4235 itaque
811 4173 971 4224 antecessor
989 4172 1038 4222 fnit
1053 4175 1145 4237 magui
1165 4175 1281 4225 oratoris
1301 4176 1377 4224 Mas·

378 4247 402 4292 si
424 4253 466 4292 ⁰11.

331 4333 361 4400 8)
382 4327 510 4382 Pithoeus
526 4331 554 4381 in
576 4327 700 4394 Quloclt'h
719 4329 845 4383 Daciam.
864 4345 889 4396 p.
905 4329 965 4384 tta.
