3140 5076
702 265 949 341 ..24-

276 456 454 546 mancipes:
478 463 661 528 convenitur
683 464 715 526 ia
737 463 838 528 media
850 462 990 544 basilica,
1014 462 1066 526 ubi
1086 459 1148 529 tam
1165 462 1265 545 palam
1282 459 1375 547 spor-

275 575 368 654 tulae,
389 592 477 655 quam
499 575 532 637 in
554 573 690 637 triclinio
713 572 832 643 danur.
881 573 928 638 tur
949 572 1064 637 iudicio
1086 574 1118 637 in
1140 574 1286 639 iudicium
1308 576 1375 656 pari

279 684 424 749 mercede
443 685 589 748 transitur
605 691 641 761 ¹).
682 681 757 748 lude'
779 685 838 747 ianr
860 700 924 747 non
944 684 1095 747 inurbane
1116 686 1289 768 Σοφοκλεῖς
1312 703 1373 751 vo-

278 800 386 857 cantur
401 799 445 873 ²):
477 792 585 856 iisdem
606 793 745 857 Latinum
766 809 879 856 nomen
898 792 1073 873 impositum
1094 799 1164 871 cst,
1194 793 1374 858 aconas

275 903 314 966 Et
335 910 436 966 tamen
450 902 565 966 crescit
587 900 687 966 indies
706 901 849 979 foeditas,
872 909 1001 984 utraque
1022 901 1130 984 lingua
1149 908 1263 967 notata.
1300 903 1375 968 llari

279 1011 339 1076 duo
362 1011 612 1075 nomenclatores
633 1011 693 1076 mei
711 1010 842 1087 [habent
863 1027 940 1074 sane
961 1017 1092 1075 aetatem
1115 1028 1221 1075 eorum
1244 1014 1295 1095 qui
1314 1031 1374 1077 nu-

277 1138 335 1202 per
355 1126 445 1204 togas
465 1126 675 1202 sumpserunt)
700 1120 796 1184 ternis
826 1119 962 1184 denariis
991 1119 1030 1182 ad
1055 1119 1239 1185 laudandum
1267 1123 1374 1186 trahe-

276 1231 396 1294 bantur.
433 1231 520 1293 'lenti
543 1236 709 1294 oonstatnt
728 1231 772 1294 sis
789 1229 1019 1294 disertissimus.
1065 1231 1132 1294 lloo
1152 1233 1251 1313 pretio
1266 1251 1374 1314 quarm

274 1339 350 1403 libet
370 1357 535 1402 numerosa
557 1338 702 1403 subsellia
724 1339 904 1420 implentur,
927 1339 987 1402 hoc
1011 1339 1121 1422 ingens
1144 1358 1262 1405 corona
1283 1343 1374 1406 oolli-

276 1449 374 1531 gitur:
397 1448 457 1509 hoc
479 1447 588 1510 iniirriti
608 1448 759 1518 clamores
780 1453 1033 1527 commoventur,
1058 1467 1127 1512 cum
1148 1451 1323 1533 μεσόχορος
1345 1456 1373 1530 ³)

277 1556 362 1620 dedit
382 1557 513 1639 signum.
558 1556 641 1638 Opus
674 1563 721 1620 est
743 1557 824 1620 enim
843 1556 935 1639 signo
967 1557 1046 1639 apud
1069 1575 1132 1622 non
1154 1557 1373 1642 intelligentes,

277 1685 316 1731 ne
339 1667 498 1742 audientes
521 1667 658 1747 quidem:
695 1683 765 1730 nam
793 1665 932 1748 plerique
962 1683 1025 1729 non
1057 1667 1204 1748 andiunt,
1237 1686 1295 1733 neo
1320 1669 1375 1733 ulli

265 1759 376 1860 'magis
397 1776 532 1840 laudant.
577 1777 609 1840 Si
631 1776 753 1858 quando
773 1772 918 1840 transibis
940 1767 996 1857 per
1017 1776 1181 1844 Basilicam
1196 1825 1220 1857 ,.
1236 1785 1266 1842 et
1287 1779 1373 1842 voles

277 1887 359 1950 seire
382 1886 536 1967 quomodo
559 1883 689 1967 quisque
710 1885 808 1962 dicat,
834 1883 909 1947 nihil
931 1891 978 1948 est
999 1885 1082 1968 quod
1103 1888 1235 1952 tribunal
1258 1906 1373 1953 ascen-

277 1996 343 2073 das,
366 1994 441 2057 nihil
464 1994 544 2074 quod
566 1995 717 2074 praebeas
739 2011 855 2073 aurem,
877 1993 979 2058 laoilis
997 1995 1156 2059 divinatio.
1199 1997 1283 2061 Scito
1305 2015 1373 2061 eum

275 2104 409 2186 pessime
431 2103 549 2183 dicere,
572 2103 624 2185 qui
644 2103 817 2167 laudabitur
838 2104 978 2186 maxime.

376 2215 517 2293 „Primus
538 2214 619 2277 bunc
642 2211 788 2277 audiendi
809 2229 926 2276 morem
948 2213 1067 2277 induxit
1081 2211 1210 2296 Largius
1225 2211 1372 2294 Licinias,

276 2325 426 2388 haetenus
450 2329 563 2399 tamen,
582 2328 616 2383 ut
637 2323 793 2385 auditores
810 2329 1004 2406 corrogaret.
1048 2322 1094 2386 lta
1115 2328 1202 2386 certe
1223 2324 1373 2398 eruin-

276 2434 405 2510 tiliano,
439 2437 641 2513 praeceptore
673 2447 769 2508 meo,
803 2431 927 2495 audisse
945 2431 1094 2494 memini.
1139 2433 1283 2496 narrabat
1305 2432 1372 2497 ille:

276 2539 465 2605 Assectabar
484 2539 648 2601 Domitium
670 2539 789 2616 Alrum,
811 2554 901 2618 pum
923 2539 1002 2619 apud
1029 2542 1236 2604 centumviros
1258 2541 1375 2606 diceret

276 2649 415 2736 graviter
436 2649 568 2712 atlante
597 2649 674 2724 (hoc
704 2647 784 2710 enim
805 2646 849 2708 illi
882 2648 1013 2712 aetionis
1044 2667 1143 2731 genus
1166 2657 1247 2730 erat)
1279 2650 1375 2714 audiit

277 2779 317 2824 ex
337 2759 483 2841 *proximo
510 2755 704 2820 immodicum
734 2757 950 2839 insolitumque
982 2758 1167 2838 clamorem3
1208 2761 1372 2825 admiratus

275 2869 413 2947 reticuit;
445 2868 498 2930 ubi
517 2867 671 2930 silentium
692 2866 804 2930 lactum
827 2872 895 2945 est,
934 2867 1046 2949 repetit
1073 2868 1155 2949 quod
1179 2870 1372 2950 abruperat:

226 3003 230 3011 ·
275 2979 384 3042 iterum
408 2978 534 3056 elamor,
556 2977 664 3040 iterum
686 2976 834 3040 reticent:
857 2982 887 3040 ot
908 2984 978 3058 post
992 2978 1146 3042 silentium
1169 2979 1270 3060 coepit
1292 2978 1372 3042 idem

275 3088 376 3153 tertio.
419 3085 594 3150 Novissime
616 3087 684 3167 quis
701 3085 829 3165 diceret,
853 3088 1014 3174 quaesivit,
1037 3105 1218 3168 responsum
1242 3095 1299 3164 est,
1318 3089 1374 3150 Li-

277 3198 353 3261 cius.
397 3193 473 3258 Tum
494 3194 667 3256 intermissa
689 3209 793 3274 causa,
813 3193 1020 3270 Ceatanaoa'ri,
1048 3194 1164 3273 inquit,
1195 3193 1253 3254 lucc
1275 3193 1373 3272 ortifi.

278 3305 357 3368 mam
373 3301 490 3382 periit.
525 3301 605 3382 quod
637 3301 751 3384 alioqui
779 3303 882 3387 perire
915 3301 1098 3382 incipiebat,
1129 3315 1219 3380 quum
1242 3300 1372 3380 periisse

276 3413 354 3478 Afro
376 3411 550 3476 videretur:
575 3429 655 3474 nunc
674 3431 751 3477 uero
765 3430 862 3494 prope
876 3411 1010 3475 funditus
1031 3409 1213 3472 exstinctum
1228 3415 1258 3472 et
1278 3427 1372 3473 ever-

276 3539 343 3587 sum
365 3528 421 3585 est.
464 3520 559 3588 Pudet
579 3521 722 3600 reterre,
753 3539 855 3604 qrrae,
885 3537 974 3602 quam
998 3519 1096 3583 tracta
1117 3518 1372 3600 pronunciatione

277 3631 437 3708 dieantur;
460 3631 580 3714 quibus,
603 3648 692 3712 quarn
713 3629 828 3694 teneris
849 3627 1034 3693 elamoribus
1048 3627 1249 3710 excipiantur.
1280 3627 1372 3691 Plau-

329 3897 359 3982 ’1)
378 3915 501 3978 unaue
520 3917 621 3969 runca
636 3914 738 3969 reuma
761 3917 790 3966 a
806 3914 923 3967 nautea
937 3913 1008 3966 roua
1034 3916 1080 3966 aar
1099 3912 1178 3967 enne
1194 3909 1304 3965 co'uacn
1321 3914 1372 3964 ar-

321 4045 323 4050 ,
373 4011 492 4062 bunum.
834 4039 838 4048 .

328 4109 361 4172 a)
381 4105 600 4170 eradicantibus
618 4107 744 4160 rotabant
764 4109 870 4162 mmcd
887 4107 1041 4162 clamabant
1062 4107 1170 4178 σοφός.

329 4206 362 4268 a)
379 4204 442 4272 „lae
468 4203 530 4255 olret
552 4203 600 4255 das
626 4203 812 4272 abacorum
844 4205 883 4255 att
908 4206 936 4255 in
964 4205 1077 4260 uocum
1094 4203 1292 4261 mauram
1319 4212 1372 4253 vo-

376 4299 463 4353 m·
1300 4311 1302 4314 .
