3140 5076
639 309 684 326 -
736 277 784 350 w
834 309 884 326 -

212 471 280 535 nire
301 487 350 532 rne
372 485 411 530 ex
432 466 514 530 omni
531 465 718 548 antiquitate,
742 466 824 548 quod
844 469 1018 547 comparem
1031 465 1132 545 vobis,
1156 467 1215 532 uisi
1230 467 1313 532 ller-

212 577 319 642 culeue
340 577 442 660 gentis
464 576 644 657 exemplum.
689 577 765 640 Nam
792 576 845 638 ille
872 575 994 656 quidem
1023 593 1152 658 magnus
1173 575 1313 640 Alexan-

212 687 270 764 der
290 688 349 752 ianr
373 687 445 750 rnibi
465 686 586 750 humilis
613 685 769 749 videtur.“
806 685 968 766 (Ponepgr.
992 705 1018 749 c.
1045 687 1110 763 10).
1130 686 1212 750 ,Non
1234 685 1329 750 enirn.

213 798 401 877 Alexandro,
426 797 515 860 sicuti
537 797 753 860 Maximiniano
775 801 1003 877 „tempestatum
1021 795 1230 876 opportunitas
1254 795 1313 858 ob·

212 908 426 989 sequebatur,“
447 915 499 987 (c.¹
518 906 584 986 lu.)

314 1016 454 1079 Dominis
487 1016 518 1076 in
549 1014 678 1096 populos
716 1013 887 1078 absolutum
913 1015 1070 1097 imperium
1099 1014 1313 1080 affectantibus

214 1127 309 1189 moris
331 1132 378 1190 est
401 1143 467 1188 curn
491 1124 574 1187 civili
597 1129 749 1205 potestate
776 1124 944 1187 sacerdotii
972 1125 1184 1189 auctoritatem
1205 1126 1237 1188 in
1251 1143 1312 1189 se-

214 1235 352 1316 metipsis
376 1234 585 1311 confundere,
621 1239 653 1295 ut
674 1233 760 1314 quasi
784 1233 919 1298 coeleste
940 1233 1062 1318 siguum
1085 1234 1118 1296 in
1138 1234 1240 1298 fronte
1262 1234 1313 1298 lc-

214 1352 318 1408 rentes
341 1345 488 1408 maiorem
508 1342 636 1406 subditis
648 1345 888 1407 ‘venerationem
910 1350 962 1407 aut
980 1350 1132 1408 terrorem
1152 1344 1311 1425 inspirent.

215 1455 274 1530 Qui
294 1473 370 1518 vero
392 1453 490 1535 primo
511 1453 596 1514 socri
618 1458 733 1516 tanturn
755 1452 854 1518 videri
879 1453 1013 1534 cupiunt,
1036 1461 1235 1535 sacratusque
1257 1471 1314 1516 ae-

215 1565 270 1628 des
294 1564 452 1641 habitant,
487 1579 558 1625 rnox
580 1561 643 1624 diui
664 1563 772 1626 haberi
791 1562 918 1642 volunt,
950 1581 1065 1644 eosque
1090 1563 1179 1626 divos
1201 1562 1313 1626 salutat

215 1674 361 1739 adulatio.
413 1673 483 1736 Divi
515 1673 637 1736 luerunt
666 1673 927 1751 assentatoribus,
961 1673 1144 1751 historicis,
1178 1672 1311 1755 poprdo,

215 1785 363 1866 deinceps
384 1783 418 1846 G.
431 1783 524 1845 lulius
540 1782 666 1862 Caesar,
689 1782 857 1864 Augustus,
878 1783 1027 1861 Tiberius,
1052 1783 1200 1866 Caligula,
1220 1782 1314 1846 Glau-

216 1894 300 1975 dius,
324 1897 423 1975 Nero,
445 1895 654 1975 Domitianus,
689 1896 846 1976 ceterique
866 1894 955 1957 huius
975 1901 1067 1957 notae
1097 1894 1139 1957 dii
1163 1893 1312 1958 maiorum

215 2005 361 2087 gentium.
404 2005 538 2069 Velleius
573 2005 766 2084 Paterculus,
800 2003 906 2070 servili
927 2019 1007 2076 voce
1032 2002 1071 2065 ad
1094 2001 1203 2066 coelos
1231 2000 1313 2064 tollit

215 2114 447 2195 imperatores,
482 2115 603 2196 diisque
632 2114 776 2177 associat.
845 2113 957 2177 Scribit
988 2113 1027 2175 de
1054 2111 1128 2176 Gaio
1164 2111 1311 2176 Caesare:

214 2224 324 2305 ,Circa
347 2222 488 2288 Alexiam
508 2231 609 2287 tantae
629 2241 680 2287 res
701 2229 826 2306 gestae,
851 2228 979 2303 quantas
1001 2220 1116 2284 audem
1138 2221 1191 2284 vix
1211 2220 1313 2282 horni-

214 2335 284 2413 nis,
306 2335 457 2415 perficere
485 2353 564 2416 pene
585 2333 719 2411 nullius,
756 2333 815 2396 nisi
837 2332 894 2396 Dei
916 2331 1079 2410 suerit1).“
1103 2367 1145 2380 -
1167 2330 1311 2394 Eiusdem

214 2445 348 2526 „sprevit
370 2444 514 2508 coelestis
538 2446 656 2508 animus
679 2445 809 2506 humana
838 2441 1039 2520 consilia2).“
1080 2441 1196 2504 'liberii
1218 2457 1312 2522 opera

213 2555 370 2618 Paterculo
392 2554 636 2635 „coelestissirna
648 2557 695 2632 ³)“
714 2559 793 2617 sunt.
818 2593 855 2605 -
878 2552 1036 2634 ,sacravit
1051 2558 1208 2632 parentem
1225 2567 1313 2614 suuro

214 2663 330 2727 Caesar
356 2679 418 2726 non
441 2665 575 2745 irnperio
601 2666 655 2728 sed
678 2663 852 2747 religione,
887 2680 949 2725 non
972 2661 1136 2743 appellavit
1157 2677 1225 2723 eum
1256 2661 1312 2724 sed

212 2772 286 2834 lecit
308 2772 470 2851 deumlpss
511 2773 626 2836 Valerii
647 2772 781 2849 blaxirni,
805 2773 855 2852 qui
877 2771 1055 2852 inPrologo
1075 2769 1145 2832 libri
1161 2770 1209 2832 sui
1230 2770 1313 2833 scri-

212 2881 288 2960 psit:
310 2881 411 2959 „Deos
429 2881 510 2944 enirn
527 2881 660 2960 reliquos
676 2879 842 2960 ecepimus,
862 2880 1012 2943 Caesares
1028 2878 1197 2957 dedimus,“
1219 2879 1312 2942 inuu-

213 3007 299 3052 mera
320 2996 391 3052 sunt
410 2988 546 3070 exempla
568 2989 600 3050 in
622 2988 755 3069 quibus,
781 2993 814 3049 ut
843 2989 909 3068 ipse
930 2987 1087 3069 loquitur,
1123 2987 1223 3067 „coeli
1245 2988 1313 3051 cla·

212 3097 334 3160 rissirna
357 3115 429 3180 pars
452 3098 515 3160 divi
538 3098 657 3182 fulgent
671 3098 821 3161 Caesares
834 3101 893 3175 ξ>).“
935 3098 1053 3179 Ubique
1077 3098 1212 3162 divinam
1233 3099 1311 3162 Pro-

212 3205 398 3285 videntiam,
431 3207 496 3270 sive
522 3207 617 3287 ipsius
640 3205 762 3283 verbis,
791 3205 971 3270 coelestium
994 3224 1105 3268 numen
1128 3206 1310 3271 Caesaribus

213 3317 328 3380 lavisse
344 3323 510 3394 monstrat3
529 3316 685 3401 auspiciis,
698 3315 862 3394 ominibus,
876 3317 1039 3399 prodigiis,
1056 3317 1195 3394 somniis,
1213 3318 1310 3381 mira-

213 3426 300 3504 culis,
325 3414 477 3490 ooelestes
503 3424 545 3488 dii
567 3431 730 3489 terrestres
756 3424 901 3489 adiuvant
913 3426 952 3503 ⁶).
981 3425 1030 3490 Nil
1053 3432 1099 3489 est
1115 3425 1207 3509 igitur
1228 3427 1309 3508 quod

211 3535 358 3600 miremur
392 3551 482 3616 quum
505 3534 681 3597 adulatores
714 3534 895 3617 panegyrici
925 3535 1094 3619 religiosae
1117 3535 1307 3602 adorationis

262 3855 532 3926 nmmum

263 3953 411 4021 pun
505 3934 509 3939 ’

263 4047 432 4118 oum.

261 4143 427 4213 num.

262 4240 459 4310 auum

227 4375 229 4380 -
261 4339 293 4405 ο)
311 4337 369 4392 trib.
387 4337 409 4390 l.
427 4350 451 4390 c.
471 4337 550 4392 4-8.
