3140 5076
732 257 980 336 ...aa-

309 469 498 536 magnopere
525 452 662 518 laudavit
698 453 892 536 eloquentiae
926 455 1003 534 vim,
1038 460 1069 518 et
1101 451 1251 517 orationis
1281 453 1407 534 lepores

307 563 419 627 blanda
440 563 577 627 dictione
599 564 772 646 explicavit.
822 565 959 628 l'andem
992 581 1063 628 sese
1093 562 1263 627 defendere
1292 564 1405 642 iussus,

305 674 381 737 nihil
402 674 617 756 respondere,
657 674 695 738 ad
717 675 813 757 pedes
835 675 1028 756 imperatoris
1048 679 1238 756 prostratus,
1261 673 1405 754 precihus

307 791 338 848 et
357 785 493 849 lacrimis
513 785 636 849 reniam
656 791 765 865 petere
786 785 824 848 ab
846 785 1040 866 eloquentiae
1053 784 1151 868 magis
1168 801 1258 866 quarn
1280 785 1318 847 ab
1344 783 1407 848 lm-

304 896 384 976 perii
406 894 557 975 principe.
599 894 737 977 caligula
758 895 842 957 illum
865 893 1017 957 devictum
1041 893 1100 956 sibi
1122 892 1318 974 eloquentiae
1338 893 1407 975 pal-

306 1023 386 1068 mam
408 1003 585 1086 relinquere
605 1009 702 1082 ratus,
723 1003 840 1068 mollita
862 1004 919 1083 ira,
942 1003 1112 1068 absolutum
1135 1001 1249 1065 dimisit
1274 1007 1404 1066 astutum

306 1112 496 1177 adulatorem
508 1119 545 1188 ¹).

368 1227 371 1234 ’
405 1221 452 1286 De
477 1221 666 1284 Testimooiia
687 1221 720 1284 in
741 1221 865 1284 iudiciis
897 1220 993 1284 libros
1023 1220 1100 1284 duos
1125 1219 1402 1302 cornposuitdler,

305 1331 493 1397 sufficientes
515 1332 548 1394 iu
568 1330 648 1394 hano
670 1349 755 1410 rem,
778 1329 955 1406 Quintiliani
975 1329 1111 1410 iudicio,
1133 1332 1184 1413 qui
1210 1329 1294 1393 illum
1325 1328 1404 1394 ado-

303 1439 490 1505 lescentulus
512 1457 618 1503 senem
641 1439 736 1502 coluit
755 1445 794 1517 2).

406 1551 503 1624 Quum
525 1555 589 1613 tota
613 1549 711 1612 Gallia
730 1543 932 1630 'Reipublicae
956 1549 1113 1612 Romanae
1146 1549 1289 1612 adiuncta
1313 1551 1402 1632 eique

306 1659 438 1724 civitatis
458 1660 525 1723 iura
550 1659 619 1723 data
643 1659 790 1737 luissent,
815 1658 970 1722 Gallorum
992 1657 1099 1736 multi,
1135 1676 1225 1722 acres
1256 1665 1286 1721 et
1309 1657 1402 1721 indu-

304 1769 373 1832 strii
396 1769 428 1830 in
450 1767 544 1832 rebus
566 1763 736 1853 gerendis,
759 1774 899 1849 prompto
922 1767 1031 1832 confisi
1053 1768 1181 1850 ingenio
1200 1774 1231 1830 et
1251 1768 1402 1851 eloquen-

304 1879 357 1958 tia,
381 1879 507 1944 Romam
526 1896 560 1942 se
583 1878 802 1957 conferebant,
822 1884 852 1943 et
873 1875 994 1958 siquid
1018 1885 1164 1962 ageretur
1184 1879 1310 1942 maioris
1332 1895 1402 1942 mo-

304 1989 408 2065 menti,
433 1988 612 2051 intererant.
655 1985 767 2070 Magna
787 1989 848 2051 iam
863 1985 976 2069 adepti,
994 1987 1112 2050 maiora
1130 1988 1400 2069 concupiscebant.

302 2097 346 2160 lta
372 2096 483 2159 iactuum
507 2103 565 2177 est,
588 2103 734 2160 narrante
751 2094 857 2162 Tacito
871 2099 911 2176 ³),
936 2104 969 2159 ut
980 2096 1107 2161 claudio
1121 2097 1265 2174 Caesare,
1291 2115 1401 2179 ,quum

303 2204 343 2268 de
363 2205 533 2288 supplendo
559 2203 670 2271 senatu
692 2207 885 2291 agitaretur,
913 2208 1065 2288 primores
1088 2205 1205 2270 Galliae
1235 2223 1314 2288 quae
1336 2206 1401 2269 Co-

300 2320 384 2376 meta
405 2315 594 2395 appellatur,
628 2315 756 2380 foedera
784 2321 814 2378 et
835 2317 989 2379 civitatem
1008 2316 1175 2381 Romanam
1199 2315 1321 2397 quidem
1343 2315 1401 2379 ad-

302 2425 419 2502 secuti,
457 2424 506 2488 ius
543 2423 812 2506 adipiscendorum
845 2425 877 2486 in
909 2427 986 2488 urbe
1025 2424 1178 2489 honorum
1210 2431 1398 2508 expeterent.

300 2531 410 2596 llultus
431 2549 467 2600 ea
487 2550 582 2615 super
600 2551 635 2596 re
655 2533 819 2616 variusque
840 2551 956 2611 rumor,
982 2539 1012 2596 et
1037 2534 1146 2599 studiis
1169 2535 1300 2598 diversis
1320 2531 1398 2614 apud

298 2643 467 2726 prinoipem
490 2644 695 2707 certabatur
732 2643 869 2708 lnvidiae
883 2644 1078 2707 sermonibus
1090 2647 1121 2724 l)
1136 2650 1294 2726 permotus
1310 2643 1398 2725 prin-

301 2770 386 2834 ceps,
407 2753 521 2817 vocato
543 2759 662 2832 senatu,
685 2754 786 2817 statim
806 2759 915 2816 contra
936 2751 1083 2816 disseruit
1098 2759 1136 2833 ⁵).
1180 2755 1262 2817 lnter
1283 2753 1342 2818 alia
1366 2753 1398 2815 in

299 2861 480 2926 memoriam
499 2861 661 2926 revocavit
688 2861 822 2944 insignes
841 2861 928 2924 ciros
954 2881 971 2923 e
994 2860 1311 2954 GoltiolNorboneasa'
1332 2861 1397 2923 lto.

297 2989 377 3036 mom
398 2973 581 3036 wendelose
590 2973 628 3052 ⁶).
665 2956 863 3056 ,Orationem
881 2972 1028 3054 principis
1049 2978 1156 3036 secuto
1176 2978 1294 3054 patrum
1318 2987 1399 3035 con·
1483 3022 1486 3028 .
1554 2953 1555 3024 j

302 3157 408 3170 fi·-

353 3240 383 3303 1)
401 3239 455 3291 Dio
475 3240 587 3291 Cassiae
603 3239 621 3290 l.
639 3239 711 3305 nix,
731 3237 772 3288 ta.

348 3335 380 3398 a)
403 3333 468 3384 last.
491 3335 536 3386 Or.
555 3335 591 3400 V,
611 3333 637 3400 7,
657 3333 692 3399 ⁷3
721 3335 830 3392 vidaet
847 3332 895 3399 vi,
917 3337 944 3400 8,
962 3333 1006 3384 42.
1033 3334 1061 3381 et
1088 3327 1175 3382 Pana
1190 3327 1276 3396 Epiust.
1294 3331 1329 3401 ii,
1352 3331 1396 3406 14,

399 3428 515 3481 ro-ra.
764 3423 767 3430 '

315 3583 318 3590 ⁴
353 3525 384 3587 a)
404 3521 506 3572 Aaoat.
527 3523 575 3590 xl,
594 3523 638 3574 28.

353 3620 386 3683 4)
406 3618 477 3669 Vide
493 3617 555 3668 total.

351 3717 382 3782 ὅ)
401 3713 467 3768 latu
489 3727 513 3764 c.
531 3714 575 3765 24.

349 3814 379 3878 u)
398 3809 569 3861 Memorablll
586 3809 720 3864 sententia
738 3811 767 3859 in
789 3811 920 3880 orationis
946 3809 1000 3863 line
1025 3823 1125 3863 norum
1138 3841 1140 3846 ·
1151 3813 1291 3872 eonsilium
1313 3817 1394 3868 tuitus

397 3911 459 3960 est:
481 3904 617 3974 „Omma
634 3907 664 3956 Ρ.
684 3904 737 3975 0.,
763 3919 834 3972 qacae
852 3920 923 3958 naue
941 3908 1124 3961 aetatum
1140 3909 1301 3977 manantur,
1321 3925 1395 3964 noea

398 3999 511 4068 „firme
537 4001 634 4065 plebeil
659 4005 833 4068 magistratus
852 4007 913 4068 post
937 4006 1081 4068 patricios:
1110 4006 1202 4058 hutini
1219 4009 1282 4070 post
1299 4007 1394 4071 plebe-

396 4099 479 4166 „iosa
514 4101 685 4151 caeterarum
701 4101 798 4152 ltaliae
826 4103 946 4165 gentium
968 4103 1031 4165 post
1047 4100 1170 4154 Latinos.
1215 4101 1397 4155 Mamaea

394 4191 467 4262 „too
485 4205 606 4261 ammae.-
639 4201 665 4249 et
680 4196 753 4263 qaod
777 4196 855 4249 lodie
872 4196 1006 4263 coemptis
1023 4201 1145 4265 manae,
1171 4195 1243 4252 aaa·
1265 4197 1393 4266 aromata

394 4288 495 4362 „aega
