3140 5076
637 153 886 228 „39-

210 349 433 419 eruditissimus
451 345 624 410 Fecortnae
639 351 676 426 1),
701 344 910 426 philosophus,
929 344 1035 408 rhetor
1054 345 1187 411 disertus
1208 347 1310 432 magis

214 479 304 542 quam
328 464 443 537 orator,
466 444 509 518 de'
523 454 656 537 qualibet
677 473 711 522 re
734 473 773 517 ex
794 461 930 536 ternpore
955 455 1109 536 disputare
1132 455 1263 538 valebat,
1281 465 1312 522 at

214 569 418 650 sophistarum
441 581 626 646 graecorum
647 581 749 642 more,
768 564 838 656 'sine
859 564 983 643 propria
1001 563 1220 644 persuasione,
1243 566 1312 630 sine

211 684 359 760 pectore,
395 674 552 739 eunuchus
588 655 717 754 corpore
749 679 779 736 et
808 672 961 753 anim02).
1014 669 1095 736 Inter
1117 674 1259 738 rhetores
1282 681 1313 738 et

211 792 352 852 oratores
382 785 458 848 clari
484 783 615 847 nominis
639 783 755 846 Gallum
778 783 882 846 dieunt
911 771 1049 864 plerique
1074 781 1115 845 M.
1138 778 1310 846 Cornelium

211 895 406 972 Frontonem,
428 895 489 974 qui,
511 900 634 974 „orator
656 892 894 972 nobilissimus,“
916 893 1050 958 Marcum
1067 892 1224 958 Aurelium
1247 895 1309 956 La-

211 1005 289 1068 tinas
312 1005 429 1068 litteras
453 1002 578 1083 docuit,
602 1008 748 1066 narrante
771 1000 874 1065 Paullo
896 1002 1035 1066 Diacono
1052 1005 1102 1082 3),
1136 1004 1310 1082 „Romanae

212 1113 403 1196 eloquentiae
424 1129 487 1175 non
510 1112 677 1176 seeundum
700 1110 755 1174 sed
778 1111 904 1172 alterurn
927 1110 1092 1190 etecusam<

314 1222 503 1284 Protectores
522 1241 561 1284 ex
581 1219 818 1304 imperatoribus
839 1219 941 1300 adepti
962 1225 1033 1282 sunt
1049 1236 1087 1296 eo
1108 1220 1311 1302 seculofrhe-

216 1339 310 1396 tores.
357 1331 456 1394 Primo
488 1331 582 1410 loco,
612 1329 794 1392 Antonianae
815 1328 902 1390 Pione
923 1329 995 1411 qni,
1018 1347 1098 1392 anno
1122 1331 1157 1394 R.
1180 1331 1209 1394 S.
1238 1331 1308 1412 138,

214 1441 369 1506 Hadriano
393 1441 424 1503 in
446 1441 606 1522 imperium
625 1440 785 1524 successit.
815 1439 871 1524 llio
887 1439 1040 1521 princeps,
1056 1441 1154 1505 omnis
1169 1440 1313 1503 humani-

211 1551 281 1626 tatis
302 1549 468 1628 studiosus,
488 1549 663 1613 rhetoribus
678 1553 708 1612 et
725 1549 915 1629 philosophis
930 1567 985 1628 per
1007 1567 1113 1614 omnes
1136 1550 1310 1630 provincias

213 1660 347 1724 honores
358 1666 389 1722 et
400 1658 511 1722 salaria
526 1658 632 1721 detulit
644 1663 670 1736 5)
686 1665 716 1722 et
734 1658 871 1721 decrevit
881 1663 914 1720 ut
924 1658 1126 1747 grammatici,
1142 1659 1307 1742 sophistae,

210 1769 352 1834 rhetores
372 1768 520 1849 (itemque
541 1767 653 1830 medici
675 1765 904 1850 nepcotevroi),
924 1767 1177 1848 quemadmodum
1192 1788 1216 1832 a
1235 1768 1312 1833 reli-

213 1878 280 1960 quis
303 1876 492 1955 muneribus,
525 1877 566 1940 ita
589 1883 619 1941 et
641 1896 658 1940 a
680 1877 772 1940 tutelo
796 1883 825 1940 et
847 1897 865 1940 a
890 1894 962 1941 cura
985 1879 1121 1960 requiem
1150 1878 1308 1944 haberent.

212 1988 310 2054 Etiam
325 1987 396 2071 lege
418 2005 575 2050 numerum
588 1988 745 2051 rhetorum
766 1987 798 2050 iu
820 2003 1001 2068 unaquaque
1024 1987 1156 2068 civitate,
1180 1989 1230 2069 qui
1253 2008 1311 2054 va-

213 2096 364 2164 cationem
385 2115 543 2160 munerum
565 2097 764 2176 haberentet
793 2095 939 2160 haereses
969 2096 1118 2177 ¹quasdam
1139 2098 1308 2178 proposuit.

207 2208 342 2271 llinores
367 2207 505 2272 civitates
528 2206 616 2278 iussit
637 2206 769 2287 quinque
793 2205 931 2268 medicos
953 2211 1100 2268 immunes
1123 2205 1253 2286 habere,
1278 2213 1308 2270 et

209 2322 272 2380 tres
293 2317 464 2398 sophistas,
495 2323 525 2380 et
547 2317 765 2400 grammaticos
786 2315 931 2403 totidem:
954 2314 1088 2379 maiores
1110 2321 1209 2380 autern
1232 2316 1312 2380 civi-

210 2431 289 2490 tates
310 2431 426 2507 septem
442 2426 493 2506 qui
509 2432 626 2506 curent,
648 2432 777 2506 quatuor
797 2425 848 2506 qui
868 2425 1000 2489 doceant
1018 2411 1177 2506 utramque
1193 2425 1311 2488 doctri-

207 2552 295 2598 nam:
317 2536 464 2600 maximas
486 2537 624 2600 civitates
648 2536 755 2626 decern
775 2535 925 2614 medicos,
949 2540 980 2600 et
999 2535 1140 2600 rhetores
1164 2535 1307 2618 quinque,

208 2651 238 2708 et
259 2646 475 2730 grammaticos
503 2646 640 2710 totidem.
685 2645 869 2712 seltener
894 2637 943 2726 qui
976 2644 1145 2727 disciplinis
1169 2645 1309 2710 excelle·

133 2819 136 2824 ,
208 2751 290 2831 beat,
311 2754 368 2816 etsi
390 2771 480 2835 supra
504 2762 671 2833 numerum,
694 2754 842 2832 immunes
866 2755 1002 2832 crarta).
1061 2815 1063 2820 .

308 2861 434 2924 Morcus
455 2861 623 2924 Antoninus
645 2861 855 2941 Philosophus,
876 2863 970 2926 variis
988 2863 1115 2934 Graecis
1128 2863 1304 2945 Latinisque

206 2971 362 3054 magistris
382 2989 466 3051 usus,
489 2971 707 3054 grammaticis,
729 2971 913 3051 oratoribus,
936 2971 1135 3052 philosophis,
1157 2971 1304 3036 Frontoni

205 3086 335 3146 statuam
361 3080 392 3160 ip
407 3080 520 3144 Senatu
541 3079 636 3160 petiit,
657 3085 801 3144 narrante
823 3079 1008 3163 Capitolin03
1030 3079 1193 3143 Proculum
1213 3099 1302 3161 vero,

204 3191 434 3274 grammaticum
449 3182 711 3272 Latinum,·usque
732 3190 771 3254 ad
787 3189 1034 3270 proconsulatum
1052 3191 1202 3271 provexit,
1227 3207 1306 3254 oue-

203 3301 288 3366 riltus
309 3301 341 3364 in
363 3319 398 3378 se
419 3301 600 3387 receptisa).
645 3301 789 3380 „l'antum
805 3306 904 3366 autem
920 3299 1048 3373 honoris
1065 3300 1220 3383 magistris
1240 3301 1304 3366 suis

256 3519 285 3585 1)
305 3523 392 3592 Supra
410 3538 435 3586 p.
453 3522 497 3573 37.
525 3543 527 3552 ν
736 3563 740 3566 .
914 3589 918 3595 ⁹

254 3617 285 3679 a)
306 3619 346 3668 oe
365 3629 400 3668 eo
418 3593 502 3668 morea
521 3615 548 3666 m
568 3615 636 3666 aar.
655 3612 733 3668 tota.
756 3616 788 3668 oe
807 3616 838 3666 ta
854 3593 900 3668 ie.
918 3617 941 3686 1,
959 3619 989 3667 r·
1007 3617 1030 3680 r,
1050 3615 1200 3668 aee-ere.

258 3713 288 3778 e)
307 3711 375 3762 aar.
395 3711 511 3762 moreat.
528 3713 547 3762 n
567 3713 593 3762 x
610 3726 635 3792 c.
650 3712 695 3762 rs.
1209 3711 1212 3716 ¹
1260 3697 1262 3702 '

258 3808 289 3871 4)
310 3806 379 3858 litet.
401 3805 449 3858 tter.
470 3809 493 3875 t,
512 3809 542 3858 P.
560 3809 583 3874 1,
601 3801 751 3860 282-286.

255 3904 285 3970 t)
306 3901 394 3954 latice
412 3901 555 3968 Capitolio.
574 3904 716 3968 hortatore.
735 3903 797 3957 Pto'.
816 3919 840 3956 e.
862 3905 903 3958 11.
974 3959 977 3964 ,

255 4001 285 4064 o)
307 3999 342 4050 n.
360 3997 506 4050 Modestiae
521 4000 539 4048 l.
558 3999 597 4048 Vt
616 4002 648 4067 lt.
665 3998 698 4050 dc
716 3999 931 4052 cooperationibus
949 4002 1018 4064 apud
1037 3999 1184 4054 nanceium
1202 4000 1235 4054 rte
1250 4001 1302 4052 Ve-

301 4100 365 4164 geto
381 4095 414 4146 Ia.
434 4095 466 4147 Β.
485 4100 581 4146 seueri.
601 4097 645 4146 49.
738 4121 740 4126 ·
1064 4083 1065 4088 ¹

256 4192 286 4256 7)
305 4193 338 4244 ln
356 4187 396 4242 Μ.
416 4190 513 4244 Atrion.
533 4205 557 4243 e.
573 4193 601 4245 2.
