<?xml version="1.0" encoding="UTF-8"?>
<!DOCTYPE html PUBLIC "-//W3C//DTD XHTML 1.0 Transitional//EN"
    "http://www.w3.org/TR/xhtml1/DTD/xhtml1-transitional.dtd">
<html xmlns="http://www.w3.org/1999/xhtml" xml:lang="en" lang="en">
 <head>
  <title>
</title>
<meta http-equiv="Content-Type" content="text/html;charset=utf-8" />
  <meta name='ocr-system' content='tesseract 3.04.00' />
  <meta name='ocr-capabilities' content='ocr_page ocr_carea ocr_par ocr_line ocrx_word'/>
</head>
<body>
  <div class='ocr_page' id='page_1' title='image "./degallorumorato00monngoog_0108.png"; bbox 0 0 3140 5076; ppageno 0'>
   <div class='ocr_carea' id='block_1_1' title="bbox 630 288 902 358">
    <p class='ocr_par' dir='ltr' id='par_1_1' title="bbox 630 288 902 358">
     <span class='ocr_line' id='line_1_1' title="bbox 630 288 902 358; baseline 0 -1"><span class='ocrx_word' id='word_1_1' title='bbox 630 288 902 358; x_wconf 78' lang='lat'>—101-</span> 
     </span>
    </p>
   </div>
   <div class='ocr_carea' id='block_1_2' title="bbox 217 469 1365 890">
    <p class='ocr_par' dir='ltr' id='par_1_2' title="bbox 217 469 1365 890">
     <span class='ocr_line' id='line_1_2' title="bbox 318 469 1314 564; baseline 0.009 -29"><span class='ocrx_word' id='word_1_2' title='bbox 318 469 376 536; x_wconf 89' lang='lat' dir='ltr'><strong>llic</strong></span> <span class='ocrx_word' id='word_1_3' title='bbox 399 472 539 554; x_wconf 89' lang='lat' dir='ltr'><strong>ultimus,</strong></span> <span class='ocrx_word' id='word_1_4' title='bbox 565 483 595 539; x_wconf 89' lang='lat' dir='ltr'><strong>at</strong></span> <span class='ocrx_word' id='word_1_5' title='bbox 617 495 679 540; x_wconf 91' lang='lat' dir='ltr'><strong>non</strong></span> <span class='ocrx_word' id='word_1_6' title='bbox 699 497 791 560; x_wconf 89' lang='lat' dir='ltr'><strong>purus</strong></span> <span class='ocrx_word' id='word_1_7' title='bbox 812 480 979 544; x_wconf 85' lang='lat' dir='ltr'><strong>litterarum</strong></span> <span class='ocrx_word' id='word_1_8' title='bbox 1001 479 1184 549; x_wconf 86' lang='lat' dir='ltr'><strong>Gallicorum</strong></span> <span class='ocrx_word' id='word_1_9' title='bbox 1207 481 1314 564; x_wconf 90' lang='lat' dir='ltr'><strong>splen-</strong></span> 
     </span>
     <span class='ocr_line' id='line_1_3' title="bbox 219 580 1365 672; baseline 0.008 -29"><span class='ocrx_word' id='word_1_10' title='bbox 219 580 293 657; x_wconf 85' lang='lat' dir='ltr'>dor,</span> <span class='ocrx_word' id='word_1_11' title='bbox 314 581 520 648; x_wconf 86' lang='lat' dir='ltr'><strong>Romanorum</strong></span> <span class='ocrx_word' id='word_1_12' title='bbox 544 590 698 668; x_wconf 88' lang='lat' dir='ltr'><strong>tempore,</strong></span> <span class='ocrx_word' id='word_1_13' title='bbox 721 605 850 670; x_wconf 87' lang='lat' dir='ltr'><strong>quorum</strong></span> <span class='ocrx_word' id='word_1_14' title='bbox 872 590 1030 672; x_wconf 90' lang='lat' dir='ltr'><strong>imperium</strong></span> <span class='ocrx_word' id='word_1_15' title='bbox 1052 607 1132 654; x_wconf 87' lang='lat' dir='ltr'><strong>anno</strong></span> <span class='ocrx_word' id='word_1_16' title='bbox 1148 589 1312 669; x_wconf 76' lang='lat' dir='ltr'><strong>diddniit,</strong></span> <span class='ocrx_word' id='word_1_17' title='bbox 1334 620 1339 628; x_wconf 96' lang='lat'><em>·</em></span> <span class='ocrx_word' id='word_1_18' title='bbox 1362 640 1365 645; x_wconf 95' lang='lat'>.</span> 
     </span>
     <span class='ocr_line' id='line_1_4' title="bbox 219 694 1312 782; baseline 0.009 -29"><span class='ocrx_word' id='word_1_19' title='bbox 219 708 309 771; x_wconf 91' lang='lat' dir='ltr'><strong>quum</strong></span> <span class='ocrx_word' id='word_1_20' title='bbox 330 694 472 775; x_wconf 86' lang='lat' dir='ltr'><strong>princeps</strong></span> <span class='ocrx_word' id='word_1_21' title='bbox 503 696 553 776; x_wconf 92' lang='lat' dir='ltr'><strong>qui</strong></span> <span class='ocrx_word' id='word_1_22' title='bbox 574 697 663 778; x_wconf 85' lang='lat' dir='ltr'><strong>primi</strong></span> <span class='ocrx_word' id='word_1_23' title='bbox 684 699 777 781; x_wconf 85' lang='lat' dir='ltr'><strong>Regis</strong></span> <span class='ocrx_word' id='word_1_24' title='bbox 800 705 831 762; x_wconf 93' lang='lat' dir='ltr'><strong>et</strong></span> <span class='ocrx_word' id='word_1_25' title='bbox 852 701 941 782; x_wconf 91' lang='lat' dir='ltr'><strong>primi</strong></span> <span class='ocrx_word' id='word_1_26' title='bbox 962 701 1156 782; x_wconf 88' lang='lat' dir='ltr'><strong>Imperatoris</strong></span> <span class='ocrx_word' id='word_1_27' title='bbox 1173 701 1312 766; x_wconf 86' lang='lat' dir='ltr'><strong>nomina</strong></span> 
     </span>
     <span class='ocr_line' id='line_1_5' title="bbox 217 800 1177 890; baseline 0.011 -28"><span class='ocrx_word' id='word_1_28' title='bbox 217 800 390 883; x_wconf 80' lang='lat' dir='ltr'><strong>referebat,</strong></span> <span class='ocrx_word' id='word_1_29' title='bbox 421 804 565 870; x_wconf 86' lang='lat' dir='ltr'>Romulus</span> <span class='ocrx_word' id='word_1_30' title='bbox 592 807 779 889; x_wconf 79' lang='lat' dir='ltr'><strong>Augustulus</strong></span> <span class='ocrx_word' id='word_1_31' title='bbox 813 815 936 890; x_wconf 88' lang='lat' dir='ltr'><strong>sceptro</strong></span> <span class='ocrx_word' id='word_1_32' title='bbox 957 827 991 874; x_wconf 90' lang='lat' dir='ltr'><strong>se</strong></span> <span class='ocrx_word' id='word_1_33' title='bbox 1014 810 1177 874; x_wconf 88' lang='lat' dir='ltr'><strong>abdicavit.</strong></span> 
     </span>
    </p>
   </div>
   <div class='ocr_carea' id='block_1_3' title="bbox 644 1009 919 1021">
    <p class='ocr_par' dir='ltr' id='par_1_3' title="bbox 644 1009 919 1021">
     <span class='ocr_line' id='line_1_6' title="bbox 644 1009 919 1021; baseline 0.004 -1"><span class='ocrx_word' id='word_1_34' title='bbox 644 1009 919 1021; x_wconf 52' lang='lat' dir='ltr'><strong>*nn—*-</strong></span> 
     </span>
    </p>
   </div>
   <div class='ocr_carea' id='block_1_4' title="bbox 197 1183 1313 2142">
    <p class='ocr_par' dir='ltr' id='par_1_4' title="bbox 197 1183 1313 2142">
     <span class='ocr_line' id='line_1_7' title="bbox 299 1183 1313 1268; baseline 0.004 -22"><span class='ocrx_word' id='word_1_35' title='bbox 299 1183 421 1247; x_wconf 89' lang='lat' dir='ltr'><strong>·Gall0s</strong></span> <span class='ocrx_word' id='word_1_36' title='bbox 442 1185 502 1247; x_wconf 94' lang='lat' dir='ltr'><strong>iam</strong></span> <span class='ocrx_word' id='word_1_37' title='bbox 526 1186 744 1266; x_wconf 70' lang='lat' dir='ltr'><strong>antiquissimis</strong></span> <span class='ocrx_word' id='word_1_38' title='bbox 769 1187 972 1268; x_wconf 83' lang='lat' dir='ltr'><strong>temporibus,</strong></span> <span class='ocrx_word' id='word_1_39' title='bbox 1011 1186 1116 1267; x_wconf 89' lang='lat' dir='ltr'><strong>quales</strong></span> <span class='ocrx_word' id='word_1_40' title='bbox 1139 1187 1228 1250; x_wconf 89' lang='lat' dir='ltr'><strong>etiam</strong></span> <span class='ocrx_word' id='word_1_41' title='bbox 1254 1205 1313 1250; x_wconf 93' lang='lat' dir='ltr'><strong>no-</strong></span> 
     </span>
     <span class='ocr_line' id='line_1_8' title="bbox 215 1293 1313 1376; baseline 0.003 -23"><span class='ocrx_word' id='word_1_42' title='bbox 215 1293 286 1355; x_wconf 89' lang='lat' dir='ltr'><strong>stris</strong></span> <span class='ocrx_word' id='word_1_43' title='bbox 309 1293 417 1357; x_wconf 93' lang='lat' dir='ltr'><strong>diebus</strong></span> <span class='ocrx_word' id='word_1_44' title='bbox 438 1301 601 1375; x_wconf 86' lang='lat' dir='ltr'><strong>apparent,</strong></span> <span class='ocrx_word' id='word_1_45' title='bbox 631 1301 739 1358; x_wconf 90' lang='lat' dir='ltr'><strong>natura</strong></span> <span class='ocrx_word' id='word_1_46' title='bbox 762 1296 919 1376; x_wconf 91' lang='lat' dir='ltr'><strong>praeditos</strong></span> <span class='ocrx_word' id='word_1_47' title='bbox 947 1295 1079 1358; x_wconf 84' lang='lat' dir='ltr'><strong>vidimus</strong></span> <span class='ocrx_word' id='word_1_48' title='bbox 1116 1294 1234 1359; x_wconf 79' lang='lat' dir='ltr'><strong>eximiis</strong></span> <span class='ocrx_word' id='word_1_49' title='bbox 1263 1295 1313 1358; x_wconf 90' lang='lat' dir='ltr'><strong>di-</strong></span> 
     </span>
     <span class='ocr_line' id='line_1_9' title="bbox 215 1394 1312 1486; baseline 0.004 -23"><span class='ocrx_word' id='word_1_50' title='bbox 215 1402 305 1465; x_wconf 91' lang='lat' dir='ltr'><strong>cendi</strong></span> <span class='ocrx_word' id='word_1_51' title='bbox 328 1394 509 1484; x_wconf 91' lang='lat' dir='ltr'><strong>virtutibus,</strong></span> <span class='ocrx_word' id='word_1_52' title='bbox 535 1411 599 1467; x_wconf 86' lang='lat' dir='ltr'><strong>arte</strong></span> <span class='ocrx_word' id='word_1_53' title='bbox 624 1411 723 1468; x_wconf 91' lang='lat' dir='ltr'><strong>autem</strong></span> <span class='ocrx_word' id='word_1_54' title='bbox 747 1404 824 1468; x_wconf 88' lang='lat' dir='ltr'><strong>adeo</strong></span> <span class='ocrx_word' id='word_1_55' title='bbox 847 1406 1016 1469; x_wconf 84' lang='lat' dir='ltr'><strong>eminentes</strong></span> <span class='ocrx_word' id='word_1_56' title='bbox 1038 1412 1070 1468; x_wconf 91' lang='lat' dir='ltr'><strong>ut</strong></span> <span class='ocrx_word' id='word_1_57' title='bbox 1091 1405 1224 1486; x_wconf 89' lang='lat' dir='ltr'><strong>ipsorum</strong></span> <span class='ocrx_word' id='word_1_58' title='bbox 1246 1407 1312 1470; x_wconf 87' lang='lat' dir='ltr'><strong>Ro-</strong></span> 
     </span>
     <span class='ocr_line' id='line_1_10' title="bbox 213 1513 1311 1596; baseline 0.005 -22"><span class='ocrx_word' id='word_1_59' title='bbox 213 1530 371 1576; x_wconf 90' lang='lat' dir='ltr'><strong>manorum</strong></span> <span class='ocrx_word' id='word_1_60' title='bbox 394 1513 540 1577; x_wconf 91' lang='lat' dir='ltr'><strong>doctores</strong></span> <span class='ocrx_word' id='word_1_61' title='bbox 564 1515 638 1578; x_wconf 85' lang='lat' dir='ltr'><strong>lacti</strong></span> <span class='ocrx_word' id='word_1_62' title='bbox 660 1515 737 1594; x_wconf 90' lang='lat' dir='ltr'><strong>sint,</strong></span> <span class='ocrx_word' id='word_1_63' title='bbox 768 1520 798 1576; x_wconf 93' lang='lat' dir='ltr'><strong>et</strong></span> <span class='ocrx_word' id='word_1_64' title='bbox 819 1515 1012 1596; x_wconf 81' lang='lat' dir='ltr'><strong>eloquentiae</strong></span> <span class='ocrx_word' id='word_1_65' title='bbox 1035 1515 1163 1579; x_wconf 88' lang='lat' dir='ltr'><strong>sobolae</strong></span> <span class='ocrx_word' id='word_1_66' title='bbox 1183 1515 1215 1578; x_wconf 94' lang='lat' dir='ltr'><strong>in</strong></span> <span class='ocrx_word' id='word_1_67' title='bbox 1237 1515 1311 1579; x_wconf 86' lang='lat' dir='ltr'><strong>Gal·</strong></span> 
     </span>
     <span class='ocr_line' id='line_1_11' title="bbox 211 1623 1310 1705; baseline 0.001 -20"><span class='ocrx_word' id='word_1_68' title='bbox 211 1623 252 1687; x_wconf 91' lang='lat' dir='ltr'><strong>lia</strong></span> <span class='ocrx_word' id='word_1_69' title='bbox 274 1642 348 1705; x_wconf 88' lang='lat' dir='ltr'><strong>prae</strong></span> <span class='ocrx_word' id='word_1_70' title='bbox 379 1624 491 1687; x_wconf 88' lang='lat' dir='ltr'><strong>ceteris</strong></span> <span class='ocrx_word' id='word_1_71' title='bbox 513 1624 681 1687; x_wconf 77' lang='lat' dir='ltr'><strong>floruerint.</strong></span> <span class='ocrx_word' id='word_1_72' title='bbox 726 1623 757 1686; x_wconf 89' lang='lat' dir='ltr'><strong>si</strong></span> <span class='ocrx_word' id='word_1_73' title='bbox 779 1623 835 1686; x_wconf 94' lang='lat' dir='ltr'><strong>sub</strong></span> <span class='ocrx_word' id='word_1_74' title='bbox 863 1624 1098 1704; x_wconf 81' lang='lat' dir='ltr'><strong>imperatoribus</strong></span> <span class='ocrx_word' id='word_1_75' title='bbox 1123 1625 1216 1688; x_wconf 90' lang='lat' dir='ltr'><strong>animi</strong></span> <span class='ocrx_word' id='word_1_76' title='bbox 1238 1642 1310 1688; x_wconf 87' lang='lat' dir='ltr'><strong>ser-</strong></span> 
     </span>
     <span class='ocr_line' id='line_1_12' title="bbox 211 1733 1308 1815; baseline 0.002 -19"><span class='ocrx_word' id='word_1_77' title='bbox 211 1733 306 1797; x_wconf 90' lang='lat' dir='ltr'><strong>vitute</strong></span> <span class='ocrx_word' id='word_1_78' title='bbox 329 1751 346 1796; x_wconf 90' lang='lat' dir='ltr'><strong>a</strong></span> <span class='ocrx_word' id='word_1_79' title='bbox 367 1734 470 1814; x_wconf 83' lang='lat' dir='ltr'><strong>stirpis</strong></span> <span class='ocrx_word' id='word_1_80' title='bbox 491 1733 573 1796; x_wconf 92' lang='lat' dir='ltr'><strong>bono</strong></span> <span class='ocrx_word' id='word_1_81' title='bbox 596 1733 833 1815; x_wconf 84' lang='lat' dir='ltr'><strong>degenerantes,</strong></span> <span class='ocrx_word' id='word_1_82' title='bbox 855 1750 911 1813; x_wconf 89' lang='lat' dir='ltr'><strong>pre</strong></span> <span class='ocrx_word' id='word_1_83' title='bbox 935 1733 1129 1814; x_wconf 83' lang='lat' dir='ltr'><strong>eloquentiae</strong></span> <span class='ocrx_word' id='word_1_84' title='bbox 1149 1734 1308 1814; x_wconf 82' lang='lat' dir='ltr'><strong>fructibus,</strong></span> 
     </span>
     <span class='ocr_line' id='line_1_13' title="bbox 211 1823 1309 1924; baseline 0 -19"><span class='ocrx_word' id='word_1_85' title='bbox 211 1841 387 1905; x_wconf 86' lang='lat' dir='ltr'><strong>rhetoricae</strong></span> <span class='ocrx_word' id='word_1_86' title='bbox 408 1843 498 1904; x_wconf 91' lang='lat' dir='ltr'><strong>nimis</strong></span> <span class='ocrx_word' id='word_1_87' title='bbox 522 1823 676 1906; x_wconf 89' lang='lat' dir='ltr'><strong>coloratos</strong></span> <span class='ocrx_word' id='word_1_88' title='bbox 698 1843 791 1906; x_wconf 89' lang='lat' dir='ltr'><strong>llores</strong></span> <span class='ocrx_word' id='word_1_89' title='bbox 811 1842 1012 1922; x_wconf 91' lang='lat' dir='ltr'><strong>protulerunt,</strong></span> <span class='ocrx_word' id='word_1_90' title='bbox 1037 1849 1205 1924; x_wconf 89' lang='lat' dir='ltr'><strong>temporum</strong></span> <span class='ocrx_word' id='word_1_91' title='bbox 1229 1844 1309 1906; x_wconf 93' lang='lat' dir='ltr'><strong>istud</strong></span> 
     </span>
     <span class='ocr_line' id='line_1_14' title="bbox 211 1951 1310 2039; baseline 0.001 -24"><span class='ocrx_word' id='word_1_92' title='bbox 211 1959 277 2016; x_wconf 89' lang='lat' dir='ltr'><strong>erat</strong></span> <span class='ocrx_word' id='word_1_93' title='bbox 301 1951 519 2031; x_wconf 88' lang='lat' dir='ltr'><strong>infortunium,</strong></span> <span class='ocrx_word' id='word_1_94' title='bbox 542 1953 785 2039; x_wconf 24' lang='lat' dir='ltr'><strong>auctum-gentis</strong></span> <span class='ocrx_word' id='word_1_95' title='bbox 808 1952 992 2032; x_wconf 84' lang='lat' dir='ltr'><strong>mobilitate,</strong></span> <span class='ocrx_word' id='word_1_96' title='bbox 1015 1953 1171 2015; x_wconf 90' lang='lat' dir='ltr'><strong>bominum</strong></span> <span class='ocrx_word' id='word_1_97' title='bbox 1195 1954 1310 2017; x_wconf 91' lang='lat' dir='ltr'><strong>incon-</strong></span> 
     </span>
     <span class='ocr_line' id='line_1_15' title="bbox 197 2061 1307 2142; baseline -0.001 -17"><span class='ocrx_word' id='word_1_98' title='bbox 197 2061 321 2126; x_wconf 90' lang='lat' dir='ltr'><strong>·stantia</strong></span> <span class='ocrx_word' id='word_1_99' title='bbox 344 2068 374 2126; x_wconf 91' lang='lat' dir='ltr'><strong>et</strong></span> <span class='ocrx_word' id='word_1_100' title='bbox 395 2061 570 2126; x_wconf 85' lang='lat' dir='ltr'><strong>ambitione.</strong></span> <span class='ocrx_word' id='word_1_101' title='bbox 614 2063 655 2124; x_wconf 84' lang='lat' dir='ltr'><strong>At</strong></span> <span class='ocrx_word' id='word_1_102' title='bbox 676 2080 821 2142; x_wconf 86' lang='lat' dir='ltr'><strong>semper,</strong></span> <span class='ocrx_word' id='word_1_103' title='bbox 849 2061 899 2142; x_wconf 84' lang='lat' dir='ltr'><strong>vel</strong></span> <span class='ocrx_word' id='word_1_104' title='bbox 926 2062 1165 2142; x_wconf 87' lang='lat' dir='ltr'><strong>corruptissimis</strong></span> <span class='ocrx_word' id='word_1_105' title='bbox 1186 2061 1307 2142; x_wconf 89' lang='lat' dir='ltr'><strong>studiis,</strong></span> 
     </span>
    </p>
   </div>
   <div class='ocr_carea' id='block_1_5' title="bbox 209 2170 1416 2255">
    <p class='ocr_par' dir='ltr' id='par_1_5' title="bbox 209 2170 1416 2255">
     <span class='ocr_line' id='line_1_16' title="bbox 209 2170 1416 2255; baseline -0.001 -20"><span class='ocrx_word' id='word_1_106' title='bbox 209 2173 336 2236; x_wconf 88' lang='lat' dir='ltr'><strong>oratorii</strong></span> <span class='ocrx_word' id='word_1_107' title='bbox 371 2173 488 2255; x_wconf 89' lang='lat' dir='ltr'><strong>ingenii</strong></span> <span class='ocrx_word' id='word_1_108' title='bbox 521 2189 594 2235; x_wconf 88' lang='lat' dir='ltr'><strong>vera</strong></span> <span class='ocrx_word' id='word_1_109' title='bbox 626 2170 882 2252; x_wconf 86' lang='lat' dir='ltr'><strong>deprehendimus</strong></span> <span class='ocrx_word' id='word_1_110' title='bbox 918 2173 1030 2254; x_wconf 88' lang='lat' dir='ltr'><strong>signa,</strong></span> <span class='ocrx_word' id='word_1_111' title='bbox 1067 2171 1215 2236; x_wconf 89' lang='lat' dir='ltr'><strong>scintillas</strong></span> <span class='ocrx_word' id='word_1_112' title='bbox 1241 2177 1309 2253; x_wconf 92' lang='lat' dir='ltr'><strong>post</strong></span> <span class='ocrx_word' id='word_1_113' title='bbox 1415 2207 1416 2211; x_wconf 63' lang='lat'><em>=</em></span> 
     </span>
    </p>
   </div>
   <div class='ocr_carea' id='block_1_6' title="bbox 139 2279 1308 4116">
    <p class='ocr_par' dir='ltr' id='par_1_6' title="bbox 139 2279 1308 4116">
     <span class='ocr_line' id='line_1_17' title="bbox 208 2279 1308 2362; baseline 0.002 -20"><span class='ocrx_word' id='word_1_114' title='bbox 208 2279 368 2343; x_wconf 91' lang='lat' dir='ltr'><strong>flammam.</strong></span> <span class='ocrx_word' id='word_1_115' title='bbox 412 2282 527 2356; x_wconf 84' lang='lat' dir='ltr'><strong>Quarto</strong></span> <span class='ocrx_word' id='word_1_116' title='bbox 551 2280 657 2343; x_wconf 89' lang='lat' dir='ltr'><strong>seculo</strong></span> <span class='ocrx_word' id='word_1_117' title='bbox 682 2279 785 2342; x_wconf 86' lang='lat' dir='ltr'><strong>Gallos</strong></span> <span class='ocrx_word' id='word_1_118' title='bbox 807 2281 952 2343; x_wconf 87' lang='lat' dir='ltr'><strong>Romanis</strong></span> <span class='ocrx_word' id='word_1_119' title='bbox 975 2281 1152 2361; x_wconf 88' lang='lat' dir='ltr'><strong>superiores</strong></span> <span class='ocrx_word' id='word_1_120' title='bbox 1175 2298 1308 2362; x_wconf 89' lang='lat' dir='ltr'><strong>conspe-</strong></span> 
     </span>
     <span class='ocr_line' id='line_1_18' title="bbox 207 2389 1306 2473; baseline 0.001 -20"><span class='ocrx_word' id='word_1_121' title='bbox 207 2391 305 2454; x_wconf 90' lang='lat' dir='ltr'><strong>ximus</strong></span> <span class='ocrx_word' id='word_1_122' title='bbox 337 2391 369 2452; x_wconf 96' lang='lat' dir='ltr'><strong>in</strong></span> <span class='ocrx_word' id='word_1_123' title='bbox 401 2389 475 2471; x_wconf 93' lang='lat' dir='ltr'><strong>ipsis</strong></span> <span class='ocrx_word' id='word_1_124' title='bbox 508 2390 618 2452; x_wconf 90' lang='lat' dir='ltr'><strong>litteris</strong></span> <span class='ocrx_word' id='word_1_125' title='bbox 645 2389 793 2470; x_wconf 87' lang='lat' dir='ltr'><strong>profanis.</strong></span> <span class='ocrx_word' id='word_1_126' title='bbox 848 2390 979 2453; x_wconf 83' lang='lat' dir='ltr'><strong>Sanctae</strong></span> <span class='ocrx_word' id='word_1_127' title='bbox 1007 2408 1083 2455; x_wconf 91' lang='lat' dir='ltr'><strong>vero</strong></span> <span class='ocrx_word' id='word_1_128' title='bbox 1112 2390 1306 2473; x_wconf 88' lang='lat' dir='ltr'><strong>eloquentiae</strong></span> 
     </span>
     <span class='ocr_line' id='line_1_19' title="bbox 139 2498 1306 2583; baseline 0.003 -21"><span class='ocrx_word' id='word_1_129' title='bbox 139 2577 141 2583; x_wconf 22' lang='grc' dir='ltr'>Ι</span> <span class='ocrx_word' id='word_1_130' title='bbox 208 2507 401 2563; x_wconf 91' lang='lat' dir='ltr'><strong>monumenta</strong></span> <span class='ocrx_word' id='word_1_131' title='bbox 438 2505 468 2563; x_wconf 91' lang='lat' dir='ltr'><strong>et</strong></span> <span class='ocrx_word' id='word_1_132' title='bbox 502 2498 738 2563; x_wconf 89' lang='lat' dir='ltr'><strong>christianorum</strong></span> <span class='ocrx_word' id='word_1_133' title='bbox 772 2499 896 2581; x_wconf 88' lang='lat' dir='ltr'><strong>ingenia</strong></span> <span class='ocrx_word' id='word_1_134' title='bbox 929 2507 1084 2563; x_wconf 85' lang='lat' dir='ltr'><strong>oratorum</strong></span> <span class='ocrx_word' id='word_1_135' title='bbox 1113 2518 1306 2583; x_wconf 87' lang='lat' dir='ltr'><strong>summopere</strong></span> 
     </span>
     <span class='ocr_line' id='line_1_20' title="bbox 209 2608 1307 2689; baseline 0.002 -18"><span class='ocrx_word' id='word_1_136' title='bbox 209 2609 370 2689; x_wconf 89' lang='lat' dir='ltr'><strong>splendida</strong></span> <span class='ocrx_word' id='word_1_137' title='bbox 392 2614 423 2673; x_wconf 94' lang='lat' dir='ltr'><strong>et</strong></span> <span class='ocrx_word' id='word_1_138' title='bbox 441 2609 575 2689; x_wconf 90' lang='lat' dir='ltr'><strong>potentia</strong></span> <span class='ocrx_word' id='word_1_139' title='bbox 591 2625 663 2672; x_wconf 87' lang='lat' dir='ltr'><strong>mox</strong></span> <span class='ocrx_word' id='word_1_140' title='bbox 684 2608 918 2672; x_wconf 89' lang='lat' dir='ltr'><strong>admirabamur.</strong></span> <span class='ocrx_word' id='word_1_141' title='bbox 955 2610 1096 2684; x_wconf 86' lang='lat' dir='ltr'><strong>Qualibet</strong></span> <span class='ocrx_word' id='word_1_142' title='bbox 1110 2628 1213 2675; x_wconf 90' lang='lat' dir='ltr'><strong>rerum</strong></span> <span class='ocrx_word' id='word_1_143' title='bbox 1231 2611 1307 2674; x_wconf 88' lang='lat' dir='ltr'><strong>Gal·</strong></span> 
     </span>
     <span class='ocr_line' id='line_1_21' title="bbox 207 2718 1303 2800; baseline 0.004 -20"><span class='ocrx_word' id='word_1_144' title='bbox 207 2718 335 2783; x_wconf 88' lang='lat' dir='ltr'><strong>licarum</strong></span> <span class='ocrx_word' id='word_1_145' title='bbox 368 2719 498 2800; x_wconf 90' lang='lat' dir='ltr'><strong>periodo</strong></span> <span class='ocrx_word' id='word_1_146' title='bbox 526 2718 651 2782; x_wconf 90' lang='lat' dir='ltr'><strong>maioris</strong></span> <span class='ocrx_word' id='word_1_147' title='bbox 680 2719 826 2782; x_wconf 89' lang='lat' dir='ltr'><strong>momenti</strong></span> <span class='ocrx_word' id='word_1_148' title='bbox 847 2719 1044 2793; x_wconf 90' lang='lat' dir='ltr'><strong>incitamenta</strong></span> <span class='ocrx_word' id='word_1_149' title='bbox 1066 2720 1105 2782; x_wconf 91' lang='lat' dir='ltr'><strong>ad</strong></span> <span class='ocrx_word' id='word_1_150' title='bbox 1127 2720 1303 2784; x_wconf 84' lang='lat' dir='ltr'><strong>facundiam</strong></span> 
     </span>
     <span class='ocr_line' id='line_1_22' title="bbox 207 2826 1306 2910; baseline -0.001 -17"><span class='ocrx_word' id='word_1_151' title='bbox 207 2830 326 2893; x_wconf 90' lang='lat' dir='ltr'><strong>animos</strong></span> <span class='ocrx_word' id='word_1_152' title='bbox 349 2828 540 2909; x_wconf 90' lang='lat' dir='ltr'><strong>impulerunt.</strong></span> <span class='ocrx_word' id='word_1_153' title='bbox 586 2826 759 2890; x_wconf 84' lang='lat' dir='ltr'><strong>Christiana</strong></span> <span class='ocrx_word' id='word_1_154' title='bbox 777 2827 889 2908; x_wconf 85' lang='lat' dir='ltr'><strong>religio</strong></span> <span class='ocrx_word' id='word_1_155' title='bbox 912 2827 1027 2907; x_wconf 93' lang='lat' dir='ltr'><strong>primos</strong></span> <span class='ocrx_word' id='word_1_156' title='bbox 1046 2827 1213 2891; x_wconf 44' lang='lat' dir='ltr'><strong>(loliorumw</strong></span> <span class='ocrx_word' id='word_1_157' title='bbox 1227 2839 1306 2910; x_wconf 86' lang='lat' dir='ltr'><strong>apo-</strong></span> 
     </span>
     <span class='ocr_line' id='line_1_23' title="bbox 207 2934 1306 3019; baseline 0 -16"><span class='ocrx_word' id='word_1_158' title='bbox 207 2941 303 3004; x_wconf 90' lang='lat' dir='ltr'><strong>stolos</strong></span> <span class='ocrx_word' id='word_1_159' title='bbox 323 2938 537 3015; x_wconf 83' lang='lat' dir='ltr'><strong>inflammavit3</strong></span> <span class='ocrx_word' id='word_1_160' title='bbox 563 2936 777 3000; x_wconf 85' lang='lat' dir='ltr'><strong>constituenda¹</strong></span> <span class='ocrx_word' id='word_1_161' title='bbox 793 2942 823 2996; x_wconf 94' lang='lat' dir='ltr'><strong>et</strong></span> <span class='ocrx_word' id='word_1_162' title='bbox 837 2934 1032 3000; x_wconf 79' lang='lat' dir='ltr'><strong>defendenda</strong></span> <span class='ocrx_word' id='word_1_163' title='bbox 1050 2937 1151 3019; x_wconf 89' lang='lat' dir='ltr'><strong>gentis</strong></span> <span class='ocrx_word' id='word_1_164' title='bbox 1172 2938 1306 3003; x_wconf 88' lang='lat' dir='ltr'><strong>ecclesia</strong></span> 
     </span>
     <span class='ocr_line' id='line_1_24' title="bbox 207 3045 1306 3129; baseline -0.002 -17"><span class='ocrx_word' id='word_1_165' title='bbox 207 3049 365 3113; x_wconf 89' lang='lat' dir='ltr'><strong>Irenaeum</strong></span> <span class='ocrx_word' id='word_1_166' title='bbox 386 3055 549 3128; x_wconf 89' lang='lat' dir='ltr'><strong>patresque</strong></span> <span class='ocrx_word' id='word_1_167' title='bbox 571 3045 696 3109; x_wconf 88' lang='lat' dir='ltr'><strong>concilii</strong></span> <span class='ocrx_word' id='word_1_168' title='bbox 707 3045 933 3127; x_wconf 89' lang='lat' dir='ltr'><strong>Lugdunensis,</strong></span> <span class='ocrx_word' id='word_1_169' title='bbox 956 3046 992 3108; x_wconf 91' lang='lat'><strong>11.</strong></span> <span class='ocrx_word' id='word_1_170' title='bbox 1016 3046 1138 3124; x_wconf 88' lang='lat' dir='ltr'><strong>seculo;</strong></span> <span class='ocrx_word' id='word_1_171' title='bbox 1160 3047 1232 3110; x_wconf 87' lang='lat' dir='ltr'><strong>lidei</strong></span> <span class='ocrx_word' id='word_1_172' title='bbox 1248 3065 1306 3129; x_wconf 90' lang='lat' dir='ltr'><strong>pe·</strong></span> 
     </span>
     <span class='ocr_line' id='line_1_25' title="bbox 205 3154 1304 3237; baseline -0.002 -16"><span class='ocrx_word' id='word_1_173' title='bbox 205 3159 325 3236; x_wconf 89' lang='lat' dir='ltr'><strong>ricula,</strong></span> <span class='ocrx_word' id='word_1_174' title='bbox 362 3157 467 3221; x_wconf 90' lang='lat' dir='ltr'><strong>seculo</strong></span> <span class='ocrx_word' id='word_1_175' title='bbox 491 3157 561 3237; x_wconf 73' lang='lat' dir='ltr'><strong>tit,</strong></span> <span class='ocrx_word' id='word_1_176' title='bbox 596 3156 739 3219; x_wconf 89' lang='lat' dir='ltr'><strong>Sanctum</strong></span> <span class='ocrx_word' id='word_1_177' title='bbox 761 3154 926 3232; x_wconf 85' lang='lat' dir='ltr'><strong>Hilarium3</strong></span> <span class='ocrx_word' id='word_1_178' title='bbox 946 3155 1036 3234; x_wconf 88' lang='grc' dir='ltr'>ΧΙΙ.,</span> <span class='ocrx_word' id='word_1_179' title='bbox 1061 3156 1304 3236; x_wconf 83' lang='lat' dir='ltr'><strong>communitates,</strong></span> 
     </span>
     <span class='ocr_line' id='line_1_26' title="bbox 206 3247 1304 3354; baseline -0.002 -22"><span class='ocrx_word' id='word_1_180' title='bbox 206 3287 285 3351; x_wconf 89' lang='lat' dir='ltr'><strong>quae</strong></span> <span class='ocrx_word' id='word_1_181' title='bbox 305 3267 455 3354; x_wconf 85' lang='lat' dir='ltr'><strong>dicuntur,</strong></span> <span class='ocrx_word' id='word_1_182' title='bbox 470 3247 537 3331; x_wconf 87' lang='lat' dir='ltr'><strong>curn</strong></span> <span class='ocrx_word' id='word_1_183' title='bbox 550 3271 785 3349; x_wconf 83' lang='lat' dir='ltr'><strong>consurgerent,</strong></span> <span class='ocrx_word' id='word_1_184' title='bbox 805 3265 988 3328; x_wconf 83' lang='lat' dir='ltr'><strong>defensores</strong></span> <span class='ocrx_word' id='word_1_185' title='bbox 1007 3265 1146 3348; x_wconf 77' lang='lat' dir='ltr'><strong>suos,&#39;ex</strong></span> <span class='ocrx_word' id='word_1_186' title='bbox 1167 3273 1304 3348; x_wconf 89' lang='lat' dir='ltr'><strong>tempore</strong></span> 
     </span>
     <span class='ocr_line' id='line_1_27' title="bbox 210 3355 1302 3458; baseline -0.003 -15"><span class='ocrx_word' id='word_1_187' title='bbox 210 3384 362 3458; x_wconf 88' lang='lat' dir='ltr'><strong>oratores,</strong></span> <span class='ocrx_word' id='word_1_188' title='bbox 387 3355 611 3455; x_wconf 71' lang='lat' dir='ltr'><strong>encitaverunt3</strong></span> <span class='ocrx_word' id='word_1_189' title='bbox 641 3377 737 3440; x_wconf 89' lang='lat' dir='ltr'><strong>elatus</strong></span> <span class='ocrx_word' id='word_1_190' title='bbox 766 3395 842 3439; x_wconf 89' lang='lat' dir='ltr'><strong>vero</strong></span> <span class='ocrx_word' id='word_1_191' title='bbox 865 3382 936 3438; x_wconf 92' lang='lat' dir='ltr'><strong>tunc</strong></span> <span class='ocrx_word' id='word_1_192' title='bbox 959 3393 1110 3439; x_wconf 91' lang='lat' dir='ltr'><strong>novorum</strong></span> <span class='ocrx_word' id='word_1_193' title='bbox 1132 3381 1302 3457; x_wconf 88' lang='lat' dir='ltr'><strong>temporum</strong></span> 
     </span>
     <span class='ocr_line' id='line_1_28' title="bbox 206 3486 1303 3570; baseline -0.003 -19"><span class='ocrx_word' id='word_1_194' title='bbox 206 3489 350 3570; x_wconf 90' lang='lat' dir='ltr'><strong>spiritus,</strong></span> <span class='ocrx_word' id='word_1_195' title='bbox 375 3506 542 3569; x_wconf 89' lang='lat' dir='ltr'><strong>omnesque</strong></span> <span class='ocrx_word' id='word_1_196' title='bbox 567 3489 649 3552; x_wconf 89' lang='lat' dir='ltr'><strong>vitae</strong></span> <span class='ocrx_word' id='word_1_197' title='bbox 680 3486 804 3550; x_wconf 91' lang='lat' dir='ltr'><strong>moralis</strong></span> <span class='ocrx_word' id='word_1_198' title='bbox 827 3487 974 3565; x_wconf 89' lang='lat' dir='ltr'><strong>virtutes,</strong></span> <span class='ocrx_word' id='word_1_199' title='bbox 1007 3487 1094 3567; x_wconf 89' lang='lat' dir='ltr'><strong>quasi</strong></span> <span class='ocrx_word' id='word_1_200' title='bbox 1125 3487 1181 3550; x_wconf 91' lang='lat' dir='ltr'><strong>sub</strong></span> <span class='ocrx_word' id='word_1_201' title='bbox 1205 3487 1303 3550; x_wconf 85' lang='lat' dir='ltr'><strong>Cruoe</strong></span> 
     </span>
     <span class='ocr_line' id='line_1_29' title="bbox 206 3594 1300 3680; baseline -0.004 -20"><span class='ocrx_word' id='word_1_202' title='bbox 206 3603 434 3680; x_wconf 86' lang='lat' dir='ltr'><strong>congregatae,</strong></span> <span class='ocrx_word' id='word_1_203' title='bbox 467 3595 636 3678; x_wconf 90' lang='lat' dir='ltr'><strong>apostolum</strong></span> <span class='ocrx_word' id='word_1_204' title='bbox 671 3613 756 3658; x_wconf 91' lang='lat' dir='ltr'><strong>suum</strong></span> <span class='ocrx_word' id='word_1_205' title='bbox 788 3595 1013 3676; x_wconf 89' lang='lat' dir='ltr'><strong>inspiraverunt</strong></span> <span class='ocrx_word' id='word_1_206' title='bbox 1041 3595 1078 3655; x_wconf 89' lang='lat' dir='ltr'><strong>D.</strong></span> <span class='ocrx_word' id='word_1_207' title='bbox 1102 3594 1300 3657; x_wconf 89' lang='lat' dir='ltr'><strong>Bernardum.</strong></span> 
     </span>
     <span class='ocr_line' id='line_1_30' title="bbox 205 3703 1304 3785; baseline -0.001 -18"><span class='ocrx_word' id='word_1_208' title='bbox 205 3707 303 3781; x_wconf 87' lang='lat' dir='ltr'><strong>Quum</strong></span> <span class='ocrx_word' id='word_1_209' title='bbox 324 3713 455 3770; x_wconf 88' lang='lat' dir='ltr'><strong>exeunte</strong></span> <span class='ocrx_word' id='word_1_210' title='bbox 477 3705 581 3770; x_wconf 92' lang='lat' dir='ltr'><strong>seculo</strong></span> <span class='ocrx_word' id='word_1_211' title='bbox 604 3704 710 3766; x_wconf 88' lang='lat' dir='ltr'><strong>XVlll.</strong></span> <span class='ocrx_word' id='word_1_212' title='bbox 728 3750 737 3783; x_wconf 91' lang='lat'>‚</span> <span class='ocrx_word' id='word_1_213' title='bbox 758 3721 866 3785; x_wconf 88' lang='lat' dir='ltr'><strong>regum</strong></span> <span class='ocrx_word' id='word_1_214' title='bbox 888 3703 1112 3784; x_wconf 87' lang='lat' dir='ltr'><strong>imprudentia,</strong></span> <span class='ocrx_word' id='word_1_215' title='bbox 1135 3705 1191 3766; x_wconf 93' lang='lat' dir='ltr'><strong>sub</strong></span> <span class='ocrx_word' id='word_1_216' title='bbox 1212 3705 1304 3784; x_wconf 91' lang='lat' dir='ltr'><strong>pedi-</strong></span> 
     </span>
     <span class='ocr_line' id='line_1_31' title="bbox 203 3797 1302 3898; baseline -0.003 -20"><span class='ocrx_word' id='word_1_217' title='bbox 203 3816 260 3879; x_wconf 92' lang='lat' dir='ltr'><strong>bus</strong></span> <span class='ocrx_word' id='word_1_218' title='bbox 281 3817 459 3898; x_wconf 92' lang='lat' dir='ltr'><strong>populorum</strong></span> <span class='ocrx_word' id='word_1_219' title='bbox 483 3817 712 3896; x_wconf 83' lang='lat' dir='ltr'><strong>Europaeorum</strong></span> <span class='ocrx_word' id='word_1_220' title='bbox 735 3797 988 3880; x_wconf 89' lang='lat' dir='ltr'><strong>contremisceret</strong></span> <span class='ocrx_word' id='word_1_221' title='bbox 1008 3811 1118 3891; x_wconf 92' lang='lat' dir='ltr'><strong>solum,</strong></span> <span class='ocrx_word' id='word_1_222' title='bbox 1143 3827 1232 3895; x_wconf 91' lang='lat' dir='ltr'><strong>quum</strong></span> <span class='ocrx_word' id='word_1_223' title='bbox 1251 3813 1302 3875; x_wconf 84' lang='lat' dir='ltr'><strong>ul-</strong></span> 
     </span>
     <span class='ocr_line' id='line_1_32' title="bbox 203 3920 1300 4005; baseline -0.003 -19"><span class='ocrx_word' id='word_1_224' title='bbox 203 3923 276 3988; x_wconf 86' lang='lat' dir='ltr'><strong>timo</strong></span> <span class='ocrx_word' id='word_1_225' title='bbox 308 3926 442 3991; x_wconf 77' lang='lat' dir='ltr'><strong>emisset</strong></span> <span class='ocrx_word' id='word_1_226' title='bbox 473 3924 534 3986; x_wconf 85' lang='lat' dir='ltr'><strong>lum</strong></span> <span class='ocrx_word' id='word_1_227' title='bbox 554 3923 805 4005; x_wconf 86' lang='lat' dir='ltr'><strong>philosophorum</strong></span> <span class='ocrx_word' id='word_1_228' title='bbox 835 3920 980 3986; x_wconf 84' lang='lat' dir='ltr'><strong>carminis</strong></span> <span class='ocrx_word' id='word_1_229' title='bbox 1010 3927 1098 3983; x_wconf 85' lang='lat' dir='ltr'><strong>cetcs</strong></span> <span class='ocrx_word' id='word_1_230' title='bbox 1120 3928 1150 3986; x_wconf 90' lang='lat' dir='ltr'><strong>et</strong></span> <span class='ocrx_word' id='word_1_231' title='bbox 1172 3938 1300 4003; x_wconf 77' lang='lat' dir='ltr'><strong>magnus</strong></span> 
     </span>
     <span class='ocr_line' id='line_1_33' title="bbox 202 4030 1300 4116; baseline 0 -22"><span class='ocrx_word' id='word_1_232' title='bbox 202 4031 241 4095; x_wconf 87' lang='lat' dir='ltr'><strong>ob</strong></span> <span class='ocrx_word' id='word_1_233' title='bbox 259 4033 375 4116; x_wconf 77' lang='lat' dir='ltr'><strong>integro</strong></span> <span class='ocrx_word' id='word_1_234' title='bbox 396 4034 567 4096; x_wconf 85' lang='lat' dir='ltr'><strong>socelcrom</strong></span> <span class='ocrx_word' id='word_1_235' title='bbox 588 4039 768 4097; x_wconf 85' lang='lat' dir='ltr'><strong>nasceretur</strong></span> <span class='ocrx_word' id='word_1_236' title='bbox 788 4031 863 4094; x_wconf 88' lang='lat' dir='ltr'><strong>ordo</strong></span> <span class='ocrx_word' id='word_1_237' title='bbox 878 4037 925 4110; x_wconf 82' lang='lat'><strong>¹),</strong></span> <span class='ocrx_word' id='word_1_238' title='bbox 960 4035 1049 4111; x_wconf 90' lang='lat' dir='ltr'><strong>atque</strong></span> <span class='ocrx_word' id='word_1_239' title='bbox 1068 4030 1248 4096; x_wconf 86' lang='lat' dir='ltr'><strong>sacerdotes</strong></span> <span class='ocrx_word' id='word_1_240' title='bbox 1270 4037 1300 4094; x_wconf 89' lang='lat' dir='ltr'><strong>et</strong></span> 
     </span>
    </p>
   </div>
   <div class='ocr_carea' id='block_1_7' title="bbox 254 4276 698 4347">
    <p class='ocr_par' dir='ltr' id='par_1_7' title="bbox 254 4276 698 4347">
     <span class='ocr_line' id='line_1_34' title="bbox 254 4276 698 4347; baseline 0.002 -19"><span class='ocrx_word' id='word_1_241' title='bbox 254 4277 282 4344; x_wconf 90' lang='lat'><strong>1)</strong></span> <span class='ocrx_word' id='word_1_242' title='bbox 306 4276 381 4342; x_wconf 74' lang='lat' dir='ltr'><strong>Virp.</strong></span> <span class='ocrx_word' id='word_1_243' title='bbox 401 4278 499 4329; x_wconf 78' lang='lat' dir='ltr'><strong>Bucol.</strong></span> <span class='ocrx_word' id='word_1_244' title='bbox 519 4279 568 4347; x_wconf 82' lang='lat' dir='ltr'><strong>lv,</strong></span> <span class='ocrx_word' id='word_1_245' title='bbox 589 4279 607 4328; x_wconf 80' lang='lat'>4</span> <span class='ocrx_word' id='word_1_246' title='bbox 626 4281 655 4330; x_wconf 88' lang='lat' dir='ltr'><strong>et</strong></span> <span class='ocrx_word' id='word_1_247' title='bbox 672 4282 698 4330; x_wconf 76' lang='lat' dir='ltr'><strong>t.</strong></span> 
     </span>
    </p>
   </div>
   <div class='ocr_carea' id='block_1_8' title="bbox 0 0 1574 5076">
    <p class='ocr_par' dir='ltr' id='par_1_8' title="bbox 0 0 1574 5076">
     <span class='ocr_line' id='line_1_35' title="bbox 0 0 1574 5076; baseline 0 5"><span class='ocrx_word' id='word_1_248' title='bbox 0 0 1574 5076; x_wconf 95' lang='lat' dir='ltr'><strong> </strong></span> 
     </span>
    </p>
   </div>
  </div>
 </body>
</html>
