3140 5076
638 234 950 352 -ar'-.

337 461 410 528 llox
433 463 541 529 sclrola
562 470 593 530 et
613 463 735 534 auditor
754 462 875 540 multus,
897 466 1117 545 praetextaque
1135 461 1243 543 pubes,

383 572 580 639 Grammatlci
601 591 725 653 nomen,
749 572 933 654 divitiasque
954 569 1040 633 dedit
1056 576 1093 647 ¹).

212 679 354 745 Attamen
373 683 549 762 praetenuis
570 682 672 746 meriti
695 681 791 746 luisse
806 680 946 744 videturz
967 679 1014 743 sic
1036 678 1149 743 babent
1170 697 1226 743 sua
1248 679 1310 742 iata

211 805 275 852 non
296 790 395 854 solum
416 791 511 856 libelli
534 791 589 856 sed
610 789 783 855 libellorum
806 806 928 872 quoque
948 788 1124 870 scriptores.

309 899 460 975 Quarrtum
489 900 584 965 decus
620 899 737 965 Galliae
766 897 945 969 litterariae¹
967 897 1123 961 attulerint
1149 896 1307 979 rhetorum

208 1007 382 1090 primores,
408 1008 537 1074 duornm
558 1011 727 1074 amicorum
751 1007 923 1089 exemplum
947 1006 1099 1086 declarat,
1131 1006 1204 1069 Axii
1224 1006 1308 1070 Pauli

208 1123 240 1178 et
258 1117 412 1182 Ausonii.'
445 1115 546 1182 liuius
568 1117 694 1194 Paulus,
717 1119 749 1180 in
771 1117 937 1200 Aquitania
958 1116 1060 1194 unia,
1086 1133 1150 1177 non
1171 1115 1266 1198 longe
1288 1134 1306 1177 a

207 1221 360 1290 montibus
373 1227 538 1308 Pyrenaeis
559 1233 660 1306 natus,
674 1226 795 1290 litteris
816 1226 970 1288 institutus
992 1224 1049 1289 luit
1068 1242 1138 1287 cum
1152 1225 1305 1307 Ausonio,

207 1333 382 1398 in'lolosae
404 1333 630 1417 otBurdigalae
647 1333 787 1398 scholis:
809 1335 1023 1414 interlineas,
1045 1351 1152 1396 corum
1171 1333 1305 1399 amicitia
1348 1319 1349 1324 ἵ

206 1448 277 1508 nata
292 1449 340 1507 est
356 1449 387 1507 et
407 1444 513 1508 crevit.
547 1442 705 1508 Absolutis
721 1444 843 1525 studiis,
857 1441 965 1508 Paulus
985 1443 1162 1508 causidicus
1186 1444 1218 1505 in
1235 1443 1303 1520 loro

208 1552 384 1636 aliquandiu
407 1559 558 1618 ¹versatus
582 1559 649 1633 ost;
680 1560 789 1635 postea
812 1553 998 1618 rhetoricam
1020 1553 1148 1633 docuit,'
1172 1554 1305 1618 fortasse

209 1661 420 1728 insautouom
444 1661 578 1726 civitate.
622 1663 750 1727 Graecis
771 1663 928 1750 ellatinis
949 1663 1059 1728 litteris
1081 1681 1179 1746 aeque
1202 1643 1304 1727 imbu-

206 1776 254 1835 tus
274 1771 340 1852 luit,
366 1771 572 1854 epistolasque
594 1771 634 1836 ad
648 1789 717 1836 eum
732 1772 856 1853 scripsit
868 1772 1026 1836 Ausonius
1046 1789 1190 1837 sermone
1209 1774 1305 1836 bilin-

203 1881 258 1966 gui
272 1885 311 1959 2).
343 1879 474 1944 celeber
492 1880 590 1944 evasit
602 1880 709 1944 Paulus
730 1881 921 1962 poematibus
941 1881 1036 1945 variis
1055 1881 1134 1945 adeo
1155 1881 1302 1964 perlectis

202 1998 235 2054 ut
255 1989 362 2074 gravis
388 1989 494 2054 iudicii
521 1991 693 2073 periculum
717 2009 781 2054 oon
801 1991 928 2056 subiret.
972 1991 1157 2075 Tragoediis
1190 1998 1220 2054 et
1243 2009 1301 2054 co-

201 2099 352 2180 moediis,
386 2100 550 2164 maximam
582 2100 729 2182 impendit
758 2117 872 2164 cruram
900 2099 1059 2166 *delirum
1095 2102 1161 2164 eius
1197 2101 1302 2164 laudat

199 2209 374 2290 Ausonius,
404 2211 455 2290 „in
477 2228 514 2275 rc
545 2210 629 2273 tenui
652 2227 715 2273 non
737 2210 872 2273 tenuiter
898 2209 1099 2274 laboraturus
1138 2209 1228 2274 Paulo
1252 2189 1302 2274 diss

200 2321 282 2384 cavit
311 2320 362 2384 lric
389 2320 540 2403 Edyllium
561 2321 625 2385 vll.
660 2319 847 2396 Bissulomf
872 2319 1015 2403 aliudque
1036 2320 1128 2383 nimis
1149 2320 1299 2384 famosum

198 2431 329 2512 poima3
361 2435 523 2512 praetcrea
551 2429 590 2493 ad
620 2447 689 2495 eum
711 2429 836 2512 scripsit
864 2436 982 2512 septem
1004 2429 1150 2514 epistolas
1173 2429 1299 2507 (Vill-

81 2583 85 2594 ·
197 2539 296 2620 xlv),
319 2555 447 2621 quarum
468 2556 560 2602 unam
579 2545 693 2603 motum
717 2539 791 2616 (Xl)
811 2539 954 2603 oratione
976 2539 1086 2604 solnta.

283 2648 415 2712 Litterae
429 2647 565 2713 Gallicae
583 2649 683 2730 quarti
702 2649 801 2713 seculi
817 2649 848 2712 in
863 2649 1011 2730 Ausonio,
1034 2650 1062 2713 si
1083 2650 1298 2736 theologorum

198 2755 294 2818 verbo
316 2756 360 2817 uti
381 2755 465 2835 licet,
486 2758 665 2821 incarnatae
687 2765 902 2838 apparuerunt.
947 2760 1033 2834 Quae
1053 2759 1085 2820 in
1101 2758 1171 2822 aliis
1193 2759 1298 2822 laudat

197 2863 264 2926 lero
285 2863 386 2926 omnia
409 2861 476 2944 ipse
496 2864 664 2944 praestitit„
685 2863 960 2945 incorporatos,
980 2870 1092 2947 polita,
1116 2867 1296 2948 ingeniosus

194 2971 287 3038 homo
309 2977 339 3035 et
362 2971 536 3056 omnigenis
564 2959 774 3036 venustatibus
796 2990 871 3054 quas
902 2975 960 3037 ista
988 2980 1127 3055 tempora
1149 2971 1293 3040 amabant

248 3299 277 3368 ι)
296 3297 336 3352 m.
355 3298 455 3350 xvm.
520 3311 525 3318 ·

245 3421 276 3489 9)
292 3418 452 3486 Ἑλλαδικιῖς
468 3421 594 3491 μετέχων
611 3416 729 3490 μούσης,
747 3420 898 3486 urumque
917 3433 1075 3474 camoenae.

297 3515 382 3588 Ἀξίῳ
399 3513 547 3582 Adudrrpe
562 3526 689 3568 sermone
707 3515 798 3568 alludo
817 3517 929 3583 bilingui
947 3553 1093 3571 ......

292 3616 397 3672 Katane
417 3613 482 3683 epol
501 3610 619 3668 udatur
635 3614 765 3683 μέτοχος,
786 3601 831 3676 qul
848 3617 922 3665 serlo
939 3618 1046 3684 nostra,

295 3706 347 3770 Qui
363 3711 427 3759 loca
442 3705 611 3780 παντοδαπῇ
631 3709 708 3758 novit
726 3709 846 3759 mactare
863 3709 1046 3782 nclctorpp.
1069 3747 1075 3761 .
1096 3748 1103 3762 .
1124 3748 1130 3762 .
1151 3746 1158 3761 .
1181 3750 1188 3764 .

297 3804 356 3854 Iam
373 3805 451 3872 satis,
470 3797 492 3858 ὦ
512 3805 577 3884 φίλε
595 3803 704 3868 Παῦλε,
723 3803 822 3859 πόνων
841 3802 1082 3878 ἅπεπειρὴθημεν,

286 3896 363 3954 Ἕντι
381 3900 447 3973 loppa
467 3913 582 3962 causare
599 3915 628 3954 au
647 3903 696 3955 aui
712 3902 866 3967 ingralnlos
883 3901 1047 3974 καθέδραις,

286 3994 453 4070 Ῥητορικοῖς
470 3995 577 4052 indotos
595 4032 741 4051 ......

297 4093 348 4144 illc
365 4095 417 4144 erit
433 4094 462 4145 at
479 4094 585 4146 froom
605 4093 766 4167 Δημήτερος
783 4090 995 4166 dyiuoaa'pnoo.

290 4187 381 4244 'usca
403 4204 450 4244 σοι
467 4189 551 4261 sidnp
569 4191 620 4256 ἔοι,
639 4191 819 4263 πολυχανδέα
835 4192 934 4257 pocula
953 4192 1032 4249 θέντι

296 4285 416 4362 Kapria,
435 4288 497 4344 ulae
515 4289 618 4355 astum
637 4292 737 4363 νέκταρ
756 4293 850 4348 νῑηοιο
868 4291 981 4344 bonoso.
995 4291 1047 4358 Ep.
1067 4291 1127 4345 xli.
