3140 5076
616 281 864 356 ..95-

198 469 298 534 editos
314 475 361 548 ¹),
400 470 467 533 sire
491 470 661 551 alloquatur
690 473 853 553 episcopos
888 477 918 532 et
949 473 1070 532 coetum
1103 470 1236 536 fidelium
1259 479 1298 552 ²),

196 579 262 641 sive
283 577 500 657 Imperatorem
524 581 733 644 Constantium
767 581 888 643 mitibus
919 586 949 642 et
978 580 1162 644 verecundis
1194 581 1298 644 verhis

199 686 237 750 ad
259 687 419 749 veritatem
444 705 595 752 revocare
616 696 713 753 tentet
725 691 768 770 ³),
793 689 911 752 sivein
934 707 1002 752 eum
1022 690 1217 770 pervicacem
1240 689 1300 752 tri-

198 795 314 858 bunitia
342 796 535 861 vehementia
568 799 753 877 invehatur,
792 799 834 860 uti
866 799 887 861 l.
909 800 929 861 l.
953 800 1112 862 Housseau
1140 800 1171 861 in
1193 799 1299 879 archi-

200 903 377 985 episcopum
401 897 655 988 Par'isienscmrp.
697 907 733 970 D.
754 908 957 988 Hieronymus
981 907 1121 989 scripsit:
1147 907 1298 986 „Hilarius

200 1013 365 1077 duodecim
380 1016 557 1090 Quintiliani
572 1017 668 1080 hhros
690 1023 719 1080 et
736 1017 814 1098 stylo
838 1017 971 1079 imitatus
994 1022 1041 1078 est
1053 1023 1082 1077 ct
1095 1021 1297 1094 numerosszi]

201 1123 257 1187 sed
279 1141 338 1187 nec
359 1126 397 1188 ad
420 1126 508 1190 huius
530 1128 663 1190 rhetoris
685 1126 869 1208 elegantiam
893 1126 1013 1208 attingit
1034 1145 1092 1190 neo
1115 1127 1152 1190 ad
1167 1127 1298 1190 Cicero-

200 1232 375 1312 nispuram,
397 1233 531 1312 lluidam,
554 1241 691 1298 ornatam
708 1242 738 1296 et
757 1235 926 1298 natirralem
949 1233 1124 1298 facundiam
1136 1237 1175 1316 ⁶).
1199 1237 1299 1315 ,San-

202 1346 268 1404 ctus
291 1342 434 1420 Hilarius,
457 1345 499 1406 ait
521 1344 601 1407 idem
620 1345 836 1426 Hieronymus,
861 1345 1018 1408 Gallicano
1034 1344 1184 1406 cothurno
1204 1345 1298 1407 attol-

179 1449 288 1530 litur,
320 1458 350 1513 et
371 1470 461 1532 quum
483 1453 633 1522 Graeciae
655 1453 781 1517 llorihus
805 1454 988 1532 adornetur,
1019 1453 1121 1535 longis
1145 1453 1296 1516 interdurn

200 1559 337 1640 periodis
362 1562 544 1640 involvitur,
582 1569 613 1624 et
635 1583 652 1626 a
673 1564 806 1628 lectione
829 1562 1160 1643 simplicium'lratrum
1188 1561 1296 1642 procul

201 1673 315 1746 estus
358 1673 481 1752 Verum,
506 1688 685 1752 quamquam
704 1672 823 1734 minora
845 1689 913 1757 cum
936 1671 1105 1753 elegantia,
1128 1689 1199 1734 mox
1220 1671 1296 1734 sul)-

199 1779 301 1843 limem
323 1782 460 1862 spiritum
482 1781 597 1843 sentire
620 1780 729 1843 eredas
749 1782 853 1863 magni
876 1780 955 1843 illius
980 1779 1134 1843 Gallorum
1159 1781 1296 1862 episcopi

196 1889 338 1968 Bossuet,
361 1908 451 1971 quum
471 1889 628 1952 erroribus
641 1890 784 1953 immotae
805 1884 985 1970 semperque
999 1889 1038 1950 de
1051 1889 1218 1951 haereticis
1236 1889 1296 1951 tri-

196 1998 367 2079 umphantis
387 2000 540 2062 ecclesiae
559 2001 724 2082 imaginem
740 1999 838 2062 oculis
860 1999 1034 2074 subiiciet).
1077 2000 1222 2080 „Magna
1245 1998 1296 2060 in-

90 2147 92 2152 ·
198 2108 279 2188 quit,
301 2109 348 2170 vis
372 2116 418 2171 est
440 2110 602 2188 veritatis,
625 2127 703 2190 quae
726 2125 794 2171 cum
817 2127 872 2189 per
892 2125 928 2171 se
951 2108 1079 2190 intelligi
1102 2125 1164 2170 non
1185 2108 1293 2188 possit,

193 2234 250 2297 per
273 2235 309 2278 ea
333 2223 434 2282 tamen
457 2219 523 2297 ipsa
545 2235 623 2298 quae
645 2219 674 2280 ei
696 2217 898 2280 adversantur
919 2218 1034 2280 elucet:
1059 2222 1107 2294 ut,
1133 2218 1164 2276 in
1186 2221 1294 2280 natura

195 2341 252 2387 sua
272 2325 435 2389 immobilis
459 2343 602 2405 manens,
621 2327 795 2389 ‘firmitatem
819 2332 946 2389 naturae
967 2343 1043 2389 suae
1065 2323 1200 2406 quotidie
1222 2325 1293 2386 dum

195 2437 359 2496 attentatur
380 2436 526 2517 acquirat.
558 2435 624 2498 Hoc
645 2435 725 2497 enim
748 2435 903 2498 eeclesiae
923 2435 1077 2515 proprium
1101 2440 1157 2512 est,
1179 2439 1211 2494 ut
1232 2438 1292 2495 tunt

193 2542 299 2606 vincat
322 2561 389 2606 cum
408 2543 550 2624 laeditur,
572 2551 632 2607 tum
655 2545 843 2626 intelligatur
866 2563 934 2606 cum
956 2544 1104 2626 arguitur,
1128 2550 1189 2605 tum
1212 2542 1294 2605 obti-

193 2658 267 2716 neat
289 2671 357 2716 cum
379 2637 540 2718 deseritur.
596 2655 710 2718 Omnes
733 2655 855 2734 quidem
878 2654 929 2716 illa
962 2671 1065 2717 secum
1092 2660 1182 2734 atque
1213 2654 1292 2715 intra

192 2778 229 2824 se
249 2760 342 2824 vellet
362 2779 505 2839 manere,
527 2779 585 2824 nec
607 2782 647 2826 ex
668 2762 925 2842 tranquillissimis
947 2763 1064 2825 sinibus
1089 2763 1153 2824 suis
1173 2760 1292 2840 aliquos

196 2868 334 2933 abiicere
354 2877 405 2934 aut
427 2871 575 2951 perdere,
613 2872 682 2933 dum
713 2868 833 2952 indigni
855 2871 928 2932 hunt
950 2878 1052 2934 tantae
1074 2871 1179 2933 matris
1202 2869 1294 2941 habi,

193 2979 319 3042 taculo:
340 2979 396 3042 sed
416 2978 647 3042 discedentibus
669 2999 709 3044 ex
731 2997 768 3042 ea
787 2979 953 3043 haereticis
967 2980 1017 3043 vel
1034 2979 1173 3058 abiectis,
1191 2995 1293 3060 quan·-

194 3094 256 3151 tum
280 3088 389 3152 amittit
410 3087 585 3152 occasionis
605 3087 785 3171 largiendae
811 3106 850 3151 ex
870 3105 905 3150 se
928 3088 1044 3168 salutis,
1066 3094 1179 3150 tantum
1202 3105 1292 3150 asse-

194 3198 297 3280 quitur
323 3199 360 3260 ad
385 3197 475 3261 fidem
506 3198 697 3280 expetendae
721 3199 759 3262 de
782 3217 816 3262 se
836 3198 1064 3262 beatitudinis..
1084 3245 1089 3259 .
1109 3245 1163 3261 ...
1208 3197 1291 3260 Hae·-

248 3519 278 3582 1)
297 3519 365 3572 Htsi.
384 3517 461 3572 titte'r.
481 3520 513 3570 de
532 3521 563 3570 ta
579 3521 629 3571 iar.
651 3521 673 3586 i,
694 3522 724 3570 P.
743 3522 765 3587 1,
787 3519 838 3570 1⁷4
858 3523 885 3571 et
906 3519 966 3570 177.

245 3615 277 3680 2)
297 3615 329 3666 Ε.
351 3630 377 3680 g.
396 3619 424 3666 in
442 3613 605 3666 durentiam
623 3617 778 3679 episcopum
796 3617 934 3666 Ariauum.

245 3709 274 3774 ³)
292 3708 336 3758 Ad
355 3709 490 3760 Commeat.
510 3709 593 3760 [thri

243 3804 274 3867 4)
291 3803 380 3854 Lethe
397 3799 416 3854 d
437 3803 594 3868 oltristophe
609 3805 642 3855 de
658 3804 820 3855 Beaomoat.

241 3901 272 3963 ὅ)
291 3897 378 3962 Epist.
396 3900 441 3950 si.

245 4015 275 4075 s)
296 4013 397 4080 „Brevi
414 4012 506 4062 libello
526 4025 604 4076 quem
623 4015 730 4075 scripsit
749 4011 1013 4062 contraDioscorum
1032 4012 1163 4061 medicum
1178 4005 1240 4074 quid
1258 4013 1286 4060 ia

289 4107 385 4158 litteris
407 4110 492 4172 possit
511 4108 656 4159 ostendito
677 4107 717 4158 ii.

239 4215 271 4280 7)
289 4217 376 4283 Hpt'st.
395 4219 439 4270 50.
499 4232 505 4242 ’

237 4313 268 4382 Β)
287 4313 321 4366 de
340 4311 470 4368 mattae
488 4313 535 4370 lth.
554 4313 615 4366 vn.
