3140 5076
624 297 669 320 -
719 263 766 336 ffl
823 299 874 314 ψ

198 471 253 535 nes
274 455 443 534 vulnerum,
470 455 619 547 quidquid
639 453 821 537 oppositum,
843 453 911 516 sine
932 453 1137 518 haesitatione
1158 470 1299 534 perrum-

195 571 339 646 pant1).“
362 606 403 617 -
425 565 486 629 Sub
509 565 748 646 corruptissimis
769 563 1006 643 imperatoribus
1037 563 1299 643 corruptissimum

197 673 366 740 aulicorum
397 682 428 738 et
461 681 684 740 assentatorum
718 691 817 756 genus
849 673 888 736 ad
911 675 1012 736 vivum
1037 673 1203 736 delineavit
1225 671 1297 735 Mu-

196 783 341 845 merlinus
353 790 391 864 ²).
416 821 455 832 -
479 783 618 858 Eundem
641 784 798 848 audiamus
820 784 859 847 de
875 776 1041 846 litter‘arum
1060 782 1179 846 studiis.
1203 782 1298 862 „Mul-

197 893 258 955 lum
280 893 339 956 iam
363 899 429 956 erat
450 892 608 972 bonarum,
634 894 742 956 artium
765 892 909 956 studium.
941 891 1066 954 Militiae
1088 890 1176 956 labor
1198 911 1216 954 a
1238 909 1298 954 no-

196 1001 345 1067 bilissimo
367 1017 487 1082 quoque
514 1019 570 1082 pro
594 999 722 1064 sordido
746 1007 776 1064 et
798 999 940 1064 illiberali
962 1001 1170 1064 reiioiebatur.
1218 1001 1295 1063 luris

196 1111 297 1176 civilis
327 1112 475 1188 scientia,
505 1126 583 1190 quae
605 1110 768 1186 Manilius,
794 1109 988 1187 Scaevolas,
1023 1109 1148 1174 Servios
1173 1110 1204 1171 in
1227 1129 1295 1174 am·

196 1220 362 1301 piissimum
390 1219 519 1301 gradum
553 1219 709 1300 dignitatis
736 1225 901 1295 evexerat,
938 1217 1116 1281 libertorum
1149 1218 1294 1280 officium.

198 1330 369 1394 Oratoriam
393 1329 517 1392 dicendi
543 1329 741 1415 facultatem,
774 1328 857 1390 multi
879 1327 995 1390 laboris
1026 1334 1056 1388 ct
1084 1327 1201 1390 minimi
1222 1345 1295 1390 usus

197 1440 363 1520 negotium,
387 1440 488 1502 nostri
508 1449 661 1520 proceres
676 1439 879 1518 respuebant3
906 1439 977 1502 dum
996 1437 1137 1500 homines
1159 1436 1295 1500 voluisse

197 1547 296 1612 videri
333 1548 461 1625 volunt,
498 1547 580 1627 quod
598 1538 733 1626 adsequi
756 1547 968 1626 nequiverunt.
1012 1547 1050 1610 Et
1082 1564 1157 1610 vere
1180 1552 1295 1610 tantum

194 1656 310 1720 laboris
351 1657 585 1738 vigiliarumque
616 1656 774 1735 suscipere
807 1655 845 1718 ud
869 1655 899 1719 id
923 1655 1174 1735 adipiscendum,
1208 1655 1294 1718 ouius

195 1783 267 1831 usus
282 1766 423 1848 agendae
439 1765 520 1834 vitae
542 1771 720 1829 ornamenta
739 1783 802 1827 non
825 1765 994 1850 adiuvaret,
1018 1765 1173 1828 dementia
1196 1766 1308 1838 duce-¹

194 1875 290 1938 batur.
314 1875 418 1955 ltaque
434 1879 500 1938 erut
519 1892 609 1936 omne
623 1874 754 1944 studium
770 1873 921 1954 pecuniae
936 1874 1169 1960 coacervandae
1178 1895 1187 1951 ;
1209 1880 1293 1938 tanto

194 1985 274 2049 enim
296 1985 344 2048 vir
365 1985 495 2065 quisque
516 1983 635 2061 melior,
660 1988 772 2063 quanm
795 1983 1005 2062 pecuniosior,
1028 1982 1198 2046 habebatur
1213 1961 1270 2062 ³).‘2

292 2095 473 2176 Panegyrici
497 2100 657 2171 auctores,
695 2097 832 2158 suosmet
846 2101 959 2156 ‘sensus
987 2107 1077 2172 quum
1111 2084 1292 2173 exprimunt,

194 2204 263 2266 aevi
286 2204 334 2266 sui
355 2203 562 2268 fidelissimam
585 2203 750 2284 imaginem
774 2202 900 2282 saepius
918 2201 1064 2264 exhibent
1081 2202 1177 2264 inviti.
1215 2202 1294 2264 lliu-

192 2318 279 2376 turna
301 2313 448 2378 servitute
463 2312 601 2374 enervati
624 2311 704 2376 adeo
726 2311 763 2374 ab
784 2311 908 2391 antiquo
930 2311 1080 2374 libertatis
1105 2311 1212 2392 spiritu
1236 2311 1293 2374 ab·

191 2423 357 2486 horrebant
378 2428 409 2486 et
430 2411 754 2502 liberaelleipublicae
773 2439 876 2484 mores
899 2421 1118 2501 despiciebant,
1144 2420 1292 2484 uremu-

190 2531 259 2592 nv'us
293 2538 323 2594 et
346 2531 542 2594 umerorum
573 2532 604 2594 in
628 2530 806 2596 Gratiarum
837 2529 1007 2592 ustionibus
1024 2547 1084 2608 pro
1121 2530 1291 2609 consulatu,

191 2641 271 2720 quod
295 2641 485 2706 consulatum
508 2659 569 2704 non
591 2640 694 2722 populi
720 2639 876 2722 suffragiis
899 2641 954 2703 sed
978 2639 1067 2702 unius
1094 2640 1291 2720 imperatoris

191 2748 298 2811 lavore
311 2750 515 2828 accepissent,
529 2749 746 2830 gloriarentur.
772 2749 904 2828 ,Consul
916 2767 988 2830 ego,
1004 2751 1289 2832 ImperatorAugu-

191 2862 248 2932 ste,
272 2857 315 2919 ait
337 2857 504 2933 Ausonius
528 2875 652 2918 munere
676 2862 738 2933 luo,
761 2874 824 2918 non
844 2874 954 2936 passus
972 2863 1069 2936 septa,
1092 2874 1155 2919 non
1176 2857 1291 2921 suffra·

189 2965 260 3046 gia,
285 2981 347 3026 non
369 2969 500 3044 puncta,
523 2981 585 3026 non
609 2963 744 3027 loculos:
780 2965 831 3044 qui
853 2982 916 3028 non
938 2966 1147 3045 prensaverim
1170 2983 1288 3044 manus,

189 3091 248 3136 neo
275 3061 532 3142 consalutandum
563 3074 709 3137 confusus
746 3091 898 3152 occursu,
922 3121 929 3135 .
952 3121 959 3134 .
986 3075 1068 3159 ,qui
1096 3075 1192 3138 tribus
1226 3093 1289 3138 non

190 3183 358 3261 circumivi,
373 3183 527 3247 centurias
543 3200 605 3246 non
620 3183 759 3272 adulavi:
784 3230 790 3245 .
813 3229 820 3244 .
847 3231 854 3246 .
876 3183 1030 3256 Romanus
1048 3185 1188 3266 populus,
1204 3165 1288 3250 Mar-

190 3292 249 3354 tius
272 3309 412 3373 campus,
438 3298 580 3372 equester
601 3293 701 3371 ordo,
727 3300 850 3372 rostra,
874 3293 987 3371 ovilia,
1014 3294 1165 3372 Senatus,
1190 3295 1286 3374 curia,
1334 3284 1338 3290 ’

187 3419 264 3470 uuus
287 3402 360 3470 mihi
385 3402 485 3466 narnia
510 3383 706 3466 Gratianusss'
744 3404 842 3468 Etiam
865 3404 1036 3468 Mamertini
1066 3403 1217 3468 ruolandus
1248 3404 1288 3468 de

188 3511 290 3591 papuli
325 3510 483 3592 suffragiis
514 3511 612 3575 locus.
665 3512 732 3593 ,An
764 3531 860 3590 vero,
893 3513 920 3576 si
943 3513 1126 3578 Centuriatis
1156 3513 1288 3576 comitiis

188 3620 298 3688 consul
319 3626 442 3687 oreatus
462 3638 581 3698 essem,
604 3621 771 3702 gloriosius
793 3622 866 3689 mihi
890 3623 1027 3686 universi
1048 3621 1150 3702 populi
1171 3620 1285 3687 sullra-

188 3728 248 3809 giis
282 3728 457 3795 declaratus
489 3728 635 3794 viderer‘l
675 3730 797 3798 Minime
820 3777 956 3792 .....
984 3731 1049 3794 Neo
1078 3711 1155 3794 sane
1184 3737 1285 3810 potest

187 3837 219 3899 iu
242 3837 370 3903 ooniuaa
401 3837 608 3917 imperitorum
640 3839 830 3908 multitudine
860 3839 1024 3922 quidquam
1057 3857 1126 3904 esse
1148 3857 1284 3921 perpen-

196 3997 426 4006 -r,...—.-—.-—

246 4095 273 4164 ι)
293 4097 346 4180 rx,
363 4075 498 4162 rumam.
519 4097 665 4164 comtum,
684 4111 707 4148 ο.
726 4098 870 4151 aeetae

241 4194 272 4256 2)
291 4193 325 4244 x.
346 4193 422 4244 Gmt.
441 4198 493 4244 act.
512 4207 535 4244 o.
562 4193 601 4244 te.
894 4185 896 4190 ’

238 4286 438 4352 &Mem
