3140 5076
623 267 868 338 ..53-

480 455 720 535 „Constantinns
735 457 773 518 A.
791 456 829 519 ad
850 455 1006 538 Populum.

295 565 473 644 „Beneficia
497 565 642 628 Diuorum
671 572 756 630 retro
779 567 950 646 Principum
973 565 1201 643 confirmantes,
1224 567 1291 628 hle-

195 673 282 737 dicos
307 679 339 736 ct
356 665 553 738 Professores
576 675 754 753 litterarum,
778 693 891 739 uxores
915 675 1005 738 etiam
1020 681 1059 736 ct
1085 673 1164 736 filios
1185 692 1291 736 eornm

193 783 231 846 ab
251 783 333 844 omni
354 783 513 847 functione
536 791 566 846 ot
599 785 636 847 ab
661 783 801 847 omnihus
821 785 998 849 muneribus
1028 783 1158 864 publicis
1178 802 1292 846 vacare

193 892 420 972 praecipimus,
452 910 509 954 nec
532 893 569 956 ad
592 894 727 956 militiam
755 893 998 974 comprehendi,
1031 910 1131 973 neque
1154 893 1290 972 hospites

191 1001 342 1080 recipcre,
366 1019 424 1064 nec
447 1001 508 1063 ullo
530 1002 619 1083 fungi
637 1020 781 1065 munere:
806 1021 866 1083 quo
883 1003 1003 1066 facilius
1021 1002 1202 1066 liberalibus
1226 1008 1292 1066 stu-

193 1109 252 1172 diis
275 1115 305 1171 et
323 1111 502 1174 memoratis
525 1111 640 1174 artibus
663 1111 773 1174 multos
794 1112 954 1173 instituant
972 1118 1029 1188 ¹).ss

290 1218 339 1280 Ad
361 1219 571 1300 promovenda
591 1220 692 1282 studia
709 1219 925 1301 ornandasque
948 1218 1134 1296 academias,
1154 1217 1290 1280 nobilio-

189 1345 241 1390 res
281 1309 477 1408 professores
516 1329 576 1392 iam
612 1329 684 1392 olim
717 1329 842 1410 elegere
874 1330 997 1409 saepius
1028 1328 1087 1410 ipsi
1122 1327 1287 1406 Principes.

190 1437 286 1512 Quem
314 1437 462 1500 honorem
494 1439 663 1503 solenniter
696 1457 810 1520 augere
832 1439 1001 1519 Imperator
1033 1437 1165 1500 lulianus
1189 1435 1289 1499 videri

190 1547 293 1608 voluit.
336 1547 421 1608 llanc
445 1547 533 1610 iussit
551 1547 670 1630 legem:

553 1675 670 1753 ›„lmp.
693 1671 827 1735 lulianus
849 1674 886 1734 h.

272 1798 453 1879 „Magistros
474 1797 654 1875 studiorum,
678 1799 894 1879 doctoresque,
911 1799 1065 1862 excellcre
1085 1803 1205 1878 oportet
1220 1814 1289 1859 mo-

188 1907 273 1970 ribus
298 1908 437 1987 primum,
460 1908 573 1970 deinde
596 1908 750 1971 facundia.
793 1909 873 1986 Sed,
905 1909 974 1988 quia
995 1907 1124 1993 singulis
1146 1906 1288 1969 Civitati-

189 2016 244 2078 bus
268 2016 379 2078 adessc
399 2017 464 2096 ipse
487 2033 549 2078 non
571 2034 719 2096 possum,
755 2018 874 2094 iubeo,
916 2017 1051 2097 Quisque
1073 2016 1188 2078 docere
1212 2015 1286 2093 vult,

189 2143 250 2187 non
273 2131 400 2206 repente
420 2133 481 2187 nec'
504 2130 620 2187 temere
642 2126 782 2206 prosiliat
802 2126 840 2188 ad
861 2126 922 2188 hoc
945 2143 1070 2202 munus,
1093 2125 1149 2186 sed
1172 2123 1287 2184 iudicio

190 2233 314 2296 Ordinis
348 2234 507 2314 probatum
531 2234 687 2297 decretum
710 2234 874 2297 Curiatium
901 2239 1076 2311 mereatur,
1106 2232 1287 2312 optimorum

189 2344 385 2422 conspirante
401 2361 580 2424 consensu:
603 2343 663 2406 hoc
687 2345 767 2407 enim
790 2343 946 2406 decretum
970 2343 1007 2405 ad
1029 2361 1077 2404 me
1096 2340 1288 2404 tractandum

185 2429 358 2529 referetur,
397 2458 429 2514 ut
452 2453 560 2515 altiore
590 2453 722 2533 quodam
745 2453 864 2514 honore
901 2451 1147 2514 nostroiudicio
1177 2429 1285 2513 studiis

186 2560 346 2623 Civitatum
371 2562 501 2624 accedat
512 2568 572 2639 ψ
614 2564 709 2626 flecte
740 2579 815 2624 vero
841 2541 1046 2624 Gothofredns
1073 2560 1286 2624 animadvertit

185 2668 354 2747 ;‚lnlianum
383 2671 413 2732 id
437 2677 551 2760 tanturm
573 2672 789 2753 quaesivisse,
822 2661 940 2752 ut'ipsc
963 2670 1174 2747 Christianos,
1206 2671 1285 2733 forte
1394 2689 1398 2696 ·

184 2777 299 2838 iudicio
323 2778 441 2840 ordinis
463 2780 633 2859 probatos,
658 2779 814 2847 decretum
838 2779 1003 2842 Curialium
1026 2781 1178 2858 meritos,
1203 2780 1284 2858 opti·
1350 2795 1353 2800 ·

187 2903 303 2946 morum
336 2886 427 2948 etiam
458 2887 655 2966 conspirante
684 2871 862 2965 consensu,
897 2888 1093 2968 repelleret-‘⁴
1151 2888 1210 2950 lsta
1232 2887 1283 2948 lex

185 2993 265 3055 enirn
288 2993 459 3056 concordat
490 3013 556 3056 oum
584 2995 633 3056 his
656 2992 808 3055 Ammiani
830 2991 1002 3077 Marcellini
1022 2995 1144 3057 verbis:
1181 2994 1281 3073 „llud

184 3109 284 3165 autem
307 3102 475 3165 inclemens
508 3102 696 3165 obruendum
718 3103 846 3183 perenni
868 3103 1012 3182 silentio,
1047 3103 1127 3183 quod
1158 3101 1283 3166 arcebat

186 3214 301 3275 dooere
323 3211 487 3294 magistros
509 3212 683 3276 rhetoricos
706 3218 736 3274 et
756 3212 995 3295 grammaticos,
1018 3212 1094 3275 ritus
1116 3213 1275 3275 christiani

185 3323 318 3385 cultores
333 3325 392 3398 ³)ss

280 3431 352 3493 Post
374 3431 551 3494 Gratianum
565 3425 582 3508 ‚'
598 3430 649 3512 qui
671 3431 704 3492 in
726 3431 832 3494 Galliis
854 3431 960 3494 sedern
985 3431 1120 3512 hahens,
1150 3432 1280 3514 stipante

179 3539 379 3603 litteratorum
414 3547 556 3618 caterva,
588 3531 733 3602 Gallicam
764 3540 938 3604 facundiam
969 3531 1123 3605 admirans
1151 3547 1181 3603 et
1212 3542 1279 3621 ipse

179 3646 325 3710 hauriens
348 3646 533 3711 Gallicarum
564 3648 738 3711 scholarum
758 3648 858 3711 studia
892 3651 1021 3711 maxime
1047 3650 1141 3724 fovit,
1174 3649 1279 3710 'fheo-

180 3753 285 3816 dosius
314 3755 458 3836 Magnus,
494 3745 743 3848 Valentinianus,
778 3757 932 3819 Honorius
967 3762 997 3818 et
1026 3755 1218 3817 Theodosius
1239 3757 1277 3834 ll,

233 4095 263 4160 1)
282 4092 348 4146 fhfrt
367 4095 392 4157 s.
411 4097 459 4146 tll.

229 4201 260 4266 a)
281 4201 345 4252 ooo.
365 4200 494 4253 maaca.
512 4203 530 4253 r.
550 4201 749 4255 xnr.nrt.n1
771 4204 796 4266 s.
815 4205 850 4255 v.

232 4309 262 4373 θ)
282 4307 341 4360 Lib.
358 4307 447 4378 xxii,
465 4319 488 4358 o.
507 4307 551 4360 86.
640 4335 643 4342 ‚
