<?xml version="1.0" encoding="UTF-8"?>
<!DOCTYPE html PUBLIC "-//W3C//DTD XHTML 1.0 Transitional//EN"
    "http://www.w3.org/TR/xhtml1/DTD/xhtml1-transitional.dtd">
<html xmlns="http://www.w3.org/1999/xhtml" xml:lang="en" lang="en">
 <head>
  <title>
</title>
<meta http-equiv="Content-Type" content="text/html;charset=utf-8" />
  <meta name='ocr-system' content='tesseract 3.04.00' />
  <meta name='ocr-capabilities' content='ocr_page ocr_carea ocr_par ocr_line ocrx_word'/>
</head>
<body>
  <div class='ocr_page' id='page_1' title='image "./degallorumorato00monngoog_0063.png"; bbox 0 0 3140 5076; ppageno 0'>
   <div class='ocr_carea' id='block_1_1' title="bbox 694 232 934 308">
    <p class='ocr_par' dir='ltr' id='par_1_1' title="bbox 694 232 934 308">
     <span class='ocr_line' id='line_1_1' title="bbox 694 232 934 308; baseline 0 -24"><span class='ocrx_word' id='word_1_1' title='bbox 694 232 934 308; x_wconf 74' lang='lat'>-56..</span> 
     </span>
    </p>
   </div>
   <div class='ocr_carea' id='block_1_2' title="bbox 255 426 1362 2909">
    <p class='ocr_par' dir='ltr' id='par_1_2' title="bbox 584 426 1005 727">
     <span class='ocr_line' id='line_1_2' title="bbox 587 426 1005 508; baseline 0 -18"><span class='ocrx_word' id='word_1_2' title='bbox 587 426 626 490; x_wconf 90' lang='lat' dir='ltr'><strong>Et</strong></span> <span class='ocrx_word' id='word_1_3' title='bbox 645 426 763 508; x_wconf 81' lang='lat' dir='ltr'><strong>patriae</strong></span> <span class='ocrx_word' id='word_1_4' title='bbox 787 433 817 489; x_wconf 90' lang='lat' dir='ltr'><strong>et</strong></span> <span class='ocrx_word' id='word_1_5' title='bbox 838 426 1005 491; x_wconf 79' lang='lat' dir='ltr'><strong>cathedrae</strong></span> 
     </span>
     <span class='ocr_line' id='line_1_3' title="bbox 586 535 902 613; baseline 0 -15"><span class='ocrx_word' id='word_1_6' title='bbox 586 535 721 598; x_wconf 72' lang='lat' dir='ltr'><strong>Perdidit</strong></span> <span class='ocrx_word' id='word_1_7' title='bbox 742 536 773 596; x_wconf 89' lang='lat' dir='ltr'><strong>in</strong></span> <span class='ocrx_word' id='word_1_8' title='bbox 795 535 902 613; x_wconf 85' lang='lat' dir='ltr'><strong>seni03</strong></span> 
     </span>
     <span class='ocr_line' id='line_1_4' title="bbox 584 645 894 727; baseline 0.003 -20"><span class='ocrx_word' id='word_1_9' title='bbox 584 645 732 708; x_wconf 73' lang='lat' dir='ltr'><strong>Doctrina</strong></span> <span class='ocrx_word' id='word_1_10' title='bbox 754 645 894 727; x_wconf 83' lang='lat' dir='ltr'><strong>exiguus,</strong></span> 
     </span>
    </p>

    <p class='ocr_par' dir='ltr' id='par_1_3' title="bbox 558 752 1148 1052">
     <span class='ocr_line' id='line_1_5' title="bbox 558 752 930 834; baseline 0 -18"><span class='ocrx_word' id='word_1_11' title='bbox 558 801 560 808; x_wconf 68' lang='lat'><strong>,</strong></span> <span class='ocrx_word' id='word_1_12' title='bbox 584 752 720 816; x_wconf 85' lang='lat' dir='ltr'><strong>Moribus</strong></span> <span class='ocrx_word' id='word_1_13' title='bbox 744 753 930 834; x_wconf 85' lang='lat' dir='ltr'><strong>implacidis,</strong></span> 
     </span>
     <span class='ocr_line' id='line_1_6' title="bbox 585 860 1148 941; baseline 0.002 -18"><span class='ocrx_word' id='word_1_14' title='bbox 585 860 728 941; x_wconf 85' lang='lat' dir='ltr'><strong>Proinde,</strong></span> <span class='ocrx_word' id='word_1_15' title='bbox 750 868 783 924; x_wconf 91' lang='lat' dir='ltr'><strong>ut</strong></span> <span class='ocrx_word' id='word_1_16' title='bbox 805 868 871 925; x_wconf 92' lang='lat' dir='ltr'><strong>erat</strong></span> <span class='ocrx_word' id='word_1_17' title='bbox 891 862 1043 940; x_wconf 90' lang='lat' dir='ltr'><strong>meritum,</strong></span> <span class='ocrx_word' id='word_1_18' title='bbox 1141 907 1148 914; x_wconf 85' lang='lat'>-</span> 
     </span>
     <span class='ocr_line' id='line_1_7' title="bbox 587 970 1034 1052; baseline -0.002 -19"><span class='ocrx_word' id='word_1_19' title='bbox 587 971 708 1034; x_wconf 88' lang='lat' dir='ltr'><strong>Famam</strong></span> <span class='ocrx_word' id='word_1_20' title='bbox 733 970 838 1035; x_wconf 91' lang='lat' dir='ltr'><strong>habuit</strong></span> <span class='ocrx_word' id='word_1_21' title='bbox 860 977 982 1034; x_wconf 90' lang='lat' dir='ltr'><strong>tenuem</strong></span> <span class='ocrx_word' id='word_1_22' title='bbox 997 978 1034 1052; x_wconf 90' lang='lat'><strong>¹).</strong></span> 
     </span>
    </p>

    <p class='ocr_par' dir='ltr' id='par_1_4' title="bbox 265 1078 1361 1271">
     <span class='ocr_line' id='line_1_8' title="bbox 353 1078 1361 1164; baseline 0.002 -20"><span class='ocrx_word' id='word_1_23' title='bbox 353 1079 486 1147; x_wconf 82' lang='lat' dir='ltr'><strong>Similem</strong></span> <span class='ocrx_word' id='word_1_24' title='bbox 507 1079 617 1142; x_wconf 85' lang='lat' dir='ltr'><strong>lamam</strong></span> <span class='ocrx_word' id='word_1_25' title='bbox 640 1078 807 1142; x_wconf 77' lang='lat' dir='ltr'><strong>Thalamus</strong></span> <span class='ocrx_word' id='word_1_26' title='bbox 829 1081 1046 1163; x_wconf 86' lang='lat' dir='ltr'><strong>grammaticus</strong></span> <span class='ocrx_word' id='word_1_27' title='bbox 1068 1080 1191 1144; x_wconf 91' lang='lat' dir='ltr'><strong>Latinus</strong></span> <span class='ocrx_word' id='word_1_28' title='bbox 1204 1081 1361 1164; x_wconf 72' lang='lat' dir='ltr'><strong>Burdiga-</strong></span> 
     </span>
     <span class='ocr_line' id='line_1_9' title="bbox 265 1188 784 1271; baseline 0.004 -21"><span class='ocrx_word' id='word_1_29' title='bbox 265 1188 376 1269; x_wconf 88' lang='lat' dir='ltr'><strong>lensis,</strong></span> <span class='ocrx_word' id='word_1_30' title='bbox 399 1190 438 1253; x_wconf 92' lang='lat' dir='ltr'><strong>ad</strong></span> <span class='ocrx_word' id='word_1_31' title='bbox 461 1206 551 1270; x_wconf 86' lang='lat' dir='ltr'><strong>quem</strong></span> <span class='ocrx_word' id='word_1_32' title='bbox 574 1189 656 1252; x_wconf 90' lang='lat' dir='ltr'><strong>idem</strong></span> <span class='ocrx_word' id='word_1_33' title='bbox 678 1193 784 1271; x_wconf 80' lang='lat' dir='ltr'><strong>poeta:</strong></span> 
     </span>
    </p>

    <p class='ocr_par' dir='ltr' id='par_1_5' title="bbox 266 1298 1353 1492">
     <span class='ocr_line' id='line_1_10' title="bbox 266 1298 1228 1378; baseline -0.001 -17"><span class='ocrx_word' id='word_1_34' title='bbox 266 1367 272 1376; x_wconf 61' lang='grc'><strong><em>,</em></strong></span> <span class='ocrx_word' id='word_1_35' title='bbox 389 1298 625 1362; x_wconf 89' lang='lat' dir='ltr'><strong>Grammaticum</strong></span> <span class='ocrx_word' id='word_1_36' title='bbox 645 1299 789 1362; x_wconf 88' lang='lat' dir='ltr'><strong>iuvenem</strong></span> <span class='ocrx_word' id='word_1_37' title='bbox 809 1304 839 1362; x_wconf 91' lang='lat' dir='ltr'><strong>te</strong></span> <span class='ocrx_word' id='word_1_38' title='bbox 858 1304 972 1364; x_wconf 92' lang='lat' dir='ltr'><strong>tantum</strong></span> <span class='ocrx_word' id='word_1_39' title='bbox 995 1299 1074 1364; x_wconf 84' lang='lat' dir='ltr'><strong>lama</strong></span> <span class='ocrx_word' id='word_1_40' title='bbox 1100 1298 1228 1378; x_wconf 82' lang='lat' dir='ltr'><strong>terebat,</strong></span> 
     </span>
     <span class='ocr_line' id='line_1_11' title="bbox 409 1407 1353 1492; baseline 0.002 -23"><span class='ocrx_word' id='word_1_41' title='bbox 409 1407 484 1469; x_wconf 81' lang='lat' dir='ltr'><strong>l&#39;um</strong></span> <span class='ocrx_word' id='word_1_42' title='bbox 507 1424 629 1492; x_wconf 84' lang='lat' dir='ltr'><strong>quoque</strong></span> <span class='ocrx_word' id='word_1_43' title='bbox 651 1413 711 1471; x_wconf 89' lang='lat' dir='ltr'><strong>tam</strong></span> <span class='ocrx_word' id='word_1_44' title='bbox 735 1408 849 1487; x_wconf 89' lang='lat' dir='ltr'><strong>tenuis,</strong></span> <span class='ocrx_word' id='word_1_45' title='bbox 875 1425 963 1489; x_wconf 87' lang='lat' dir='ltr'><strong>quam</strong></span> <span class='ocrx_word' id='word_1_46' title='bbox 987 1407 1079 1471; x_wconf 91' lang='lat' dir='ltr'><strong>modo</strong></span> <span class='ocrx_word' id='word_1_47' title='bbox 1101 1407 1184 1470; x_wconf 91' lang='lat' dir='ltr'><strong>nulla</strong></span> <span class='ocrx_word' id='word_1_48' title='bbox 1205 1413 1353 1489; x_wconf 83' lang='lat' dir='ltr'><strong>manet2).</strong></span> 
     </span>
    </p>

    <p class='ocr_par' dir='ltr' id='par_1_6' title="bbox 261 1515 1358 2036">
     <span class='ocr_line' id='line_1_12' title="bbox 359 1515 1354 1596; baseline 0 -18"><span class='ocrx_word' id='word_1_49' title='bbox 359 1515 507 1595; x_wconf 85' lang='lat' dir='ltr'><strong>Nepotem</strong></span> <span class='ocrx_word' id='word_1_50' title='bbox 533 1515 862 1596; x_wconf 83' lang='lat' dir='ltr'><strong>habebat-Ausonius,</strong></span> <span class='ocrx_word' id='word_1_51' title='bbox 885 1517 1004 1580; x_wconf 90' lang='lat' dir='ltr'><strong>sororis</strong></span> <span class='ocrx_word' id='word_1_52' title='bbox 1025 1515 1118 1580; x_wconf 92' lang='lat' dir='ltr'><strong>lilium</strong></span> <span class='ocrx_word' id='word_1_53' title='bbox 1140 1515 1354 1595; x_wconf 66' lang='lat' dir='ltr'><strong>Herculaneum,</strong></span> 
     </span>
     <span class='ocr_line' id='line_1_13' title="bbox 263 1625 1358 1708; baseline 0 -20"><span class='ocrx_word' id='word_1_54' title='bbox 263 1625 515 1708; x_wconf 85' lang='lat' dir='ltr'><strong>grammaticum,</strong></span> <span class='ocrx_word' id='word_1_55' title='bbox 547 1643 635 1706; x_wconf 74' lang='lat' dir='ltr'><strong>quaem</strong></span> <span class='ocrx_word' id='word_1_56' title='bbox 660 1625 776 1690; x_wconf 86' lang='lat' dir='ltr'><strong>clarum</strong></span> <span class='ocrx_word' id='word_1_57' title='bbox 806 1626 940 1690; x_wconf 88' lang='lat' dir='ltr'><strong>evadere</strong></span> <span class='ocrx_word' id='word_1_58' title='bbox 967 1625 1048 1688; x_wconf 90' lang='lat' dir='ltr'><strong>haud</strong></span> <span class='ocrx_word' id='word_1_59' title='bbox 1073 1625 1165 1688; x_wconf 92' lang='lat' dir='ltr'><strong>dubie</strong></span> <span class='ocrx_word' id='word_1_60' title='bbox 1189 1631 1278 1706; x_wconf 88' lang='lat' dir='ltr'><strong>atque</strong></span> <span class='ocrx_word' id='word_1_61' title='bbox 1301 1643 1358 1688; x_wconf 93' lang='lat' dir='ltr'><strong>ca-</strong></span> 
     </span>
     <span class='ocr_line' id='line_1_14' title="bbox 263 1733 1357 1820; baseline 0.002 -24"><span class='ocrx_word' id='word_1_62' title='bbox 263 1733 391 1799; x_wconf 87' lang='lat' dir='ltr'><strong>thedrae</strong></span> <span class='ocrx_word' id='word_1_63' title='bbox 404 1752 619 1800; x_wconf 84' lang='lat' dir='ltr'><strong>successorem</strong></span> <span class='ocrx_word' id='word_1_64' title='bbox 633 1753 707 1800; x_wconf 90' lang='lat' dir='ltr'><strong>suae</strong></span> <span class='ocrx_word' id='word_1_65' title='bbox 723 1735 875 1820; x_wconf 78' lang='lat' dir='ltr'><strong>sperabat.</strong></span> <span class='ocrx_word' id='word_1_66' title='bbox 899 1736 928 1798; x_wconf 88' lang='lat' dir='ltr'><strong>ls</strong></span> <span class='ocrx_word' id='word_1_67' title='bbox 943 1753 1020 1800; x_wconf 85' lang='lat' dir='ltr'><strong>vero</strong></span> <span class='ocrx_word' id='word_1_68' title='bbox 1037 1754 1140 1817; x_wconf 91' lang='lat' dir='ltr'><strong>,spem</strong></span> <span class='ocrx_word' id='word_1_69' title='bbox 1155 1735 1254 1818; x_wconf 79' lang='lat' dir='ltr'><strong>magis</strong></span> <span class='ocrx_word' id='word_1_70' title='bbox 1269 1753 1357 1816; x_wconf 88' lang='lat' dir='ltr'><strong>quam</strong></span> 
     </span>
     <span class='ocr_line' id='line_1_15' title="bbox 261 1843 1358 1926; baseline -0.002 -18"><span class='ocrx_word' id='word_1_71' title='bbox 261 1863 327 1908; x_wconf 88' lang='lat' dir='ltr'><strong>rem</strong></span> <span class='ocrx_word' id='word_1_72' title='bbox 350 1843 509 1908; x_wconf 86' lang='lat' dir='ltr'><strong>fruendam</strong></span> <span class='ocrx_word' id='word_1_73' title='bbox 531 1845 671 1926; x_wconf 88' lang='lat' dir='ltr'><strong>praebuit</strong></span> <span class='ocrx_word' id='word_1_74' title='bbox 704 1844 875 1923; x_wconf 88' lang='lat' dir='ltr'><strong>avunculo,</strong></span> <span class='ocrx_word' id='word_1_75' title='bbox 906 1845 1046 1909; x_wconf 89' lang='lat' dir='ltr'><strong>lubricae</strong></span> <span class='ocrx_word' id='word_1_76' title='bbox 1078 1845 1188 1926; x_wconf 84' lang='lat' dir='ltr'><strong>quippe</strong></span> <span class='ocrx_word' id='word_1_77' title='bbox 1217 1862 1285 1908; x_wconf 89' lang='lat' dir='ltr'><strong>eum</strong></span> <span class='ocrx_word' id='word_1_78' title='bbox 1308 1844 1358 1907; x_wconf 90' lang='lat' dir='ltr'><strong>iu-</strong></span> 
     </span>
     <span class='ocr_line' id='line_1_16' title="bbox 262 1953 885 2036; baseline -0.006 -18"><span class='ocrx_word' id='word_1_79' title='bbox 262 1960 373 2020; x_wconf 70' lang='lat' dir='ltr'><strong>venue</strong></span> <span class='ocrx_word' id='word_1_80' title='bbox 395 1955 592 2036; x_wconf 89' lang='lat' dir='ltr'><strong>praecipitem</strong></span> <span class='ocrx_word' id='word_1_81' title='bbox 614 1954 711 2030; x_wconf 82' lang='lat' dir='ltr'><strong>flexus</strong></span> <span class='ocrx_word' id='word_1_82' title='bbox 732 1953 885 2030; x_wconf 61' lang='lat' dir='ltr'><strong>deditipf‘</strong></span> 
     </span>
    </p>

    <p class='ocr_par' dir='ltr' id='par_1_7' title="bbox 255 2061 1362 2909">
     <span class='ocr_line' id='line_1_17' title="bbox 362 2061 1358 2144; baseline 0 -18"><span class='ocrx_word' id='word_1_83' title='bbox 362 2062 515 2144; x_wconf 76' lang='lat' dir='ltr'><strong>Leontius,</strong></span> <span class='ocrx_word' id='word_1_84' title='bbox 539 2064 590 2144; x_wconf 85' lang='lat' dir='ltr'><strong>qui</strong></span> <span class='ocrx_word' id='word_1_85' title='bbox 609 2069 682 2127; x_wconf 88' lang='lat' dir='ltr'><strong>natu</strong></span> <span class='ocrx_word' id='word_1_86' title='bbox 704 2062 918 2126; x_wconf 83' lang='lat' dir='ltr'><strong>multo-maior</strong></span> <span class='ocrx_word' id='word_1_87' title='bbox 936 2061 1076 2126; x_wconf 83' lang='lat' dir='ltr'><strong>Ausonio</strong></span> <span class='ocrx_word' id='word_1_88' title='bbox 1097 2063 1162 2126; x_wconf 90' lang='lat' dir='ltr'><strong>eius</strong></span> <span class='ocrx_word' id='word_1_89' title='bbox 1185 2069 1286 2126; x_wconf 88' lang='lat' dir='ltr'><strong>tamen</strong></span> <span class='ocrx_word' id='word_1_90' title='bbox 1307 2063 1358 2126; x_wconf 91' lang='lat' dir='ltr'><strong>iu-</strong></span> 
     </span>
     <span class='ocr_line' id='line_1_18' title="bbox 262 2170 1358 2255; baseline -0.003 -18"><span class='ocrx_word' id='word_1_91' title='bbox 262 2177 372 2237; x_wconf 89' lang='lat' dir='ltr'><strong>ventae</strong></span> <span class='ocrx_word' id='word_1_92' title='bbox 395 2173 499 2236; x_wconf 90' lang='lat' dir='ltr'><strong>socius</strong></span> <span class='ocrx_word' id='word_1_93' title='bbox 521 2190 643 2255; x_wconf 91' lang='lat' dir='ltr'><strong>semper</strong></span> <span class='ocrx_word' id='word_1_94' title='bbox 663 2172 779 2251; x_wconf 82' lang='lat' dir='ltr'><strong>luerat,</strong></span> <span class='ocrx_word' id='word_1_95' title='bbox 808 2176 922 2234; x_wconf 90' lang='lat' dir='ltr'><strong>tantum</strong></span> <span class='ocrx_word' id='word_1_96' title='bbox 944 2170 1063 2234; x_wconf 90' lang='lat' dir='ltr'><strong>sciebat</strong></span> <span class='ocrx_word' id='word_1_97' title='bbox 1084 2176 1226 2252; x_wconf 85' lang='lat' dir='ltr'><strong>quantum</strong></span> <span class='ocrx_word' id='word_1_98' title='bbox 1253 2170 1358 2234; x_wconf 90' lang='lat' dir='ltr'><strong>humili</strong></span> 
     </span>
     <span class='ocr_line' id='line_1_19' title="bbox 263 2281 1361 2365; baseline -0.002 -19"><span class='ocrx_word' id='word_1_99' title='bbox 263 2283 368 2346; x_wconf 89' lang='lat' dir='ltr'><strong>ollicio</strong></span> <span class='ocrx_word' id='word_1_100' title='bbox 392 2283 466 2346; x_wconf 90' lang='lat' dir='ltr'><strong>satis</strong></span> <span class='ocrx_word' id='word_1_101' title='bbox 489 2288 564 2345; x_wconf 89' lang='lat' dir='ltr'><strong>erat.</strong></span> <span class='ocrx_word' id='word_1_102' title='bbox 609 2282 736 2345; x_wconf 80' lang='lat' dir='ltr'><strong>Luscini</strong></span> <span class='ocrx_word' id='word_1_103' title='bbox 757 2299 931 2365; x_wconf 80' lang='lat' dir='ltr'><strong>cognomen</strong></span> <span class='ocrx_word' id='word_1_104' title='bbox 953 2282 1071 2362; x_wconf 86' lang='lat' dir='ltr'><strong>patiens</strong></span> <span class='ocrx_word' id='word_1_105' title='bbox 1094 2281 1227 2359; x_wconf 90' lang='lat' dir='ltr'><strong>audivit,</strong></span> <span class='ocrx_word' id='word_1_106' title='bbox 1251 2297 1361 2362; x_wconf 83' lang='lat' dir='ltr'><strong>quam-</strong></span> 
     </span>
     <span class='ocr_line' id='line_1_20' title="bbox 264 2388 1361 2472; baseline -0.001 -19"><span class='ocrx_word' id='word_1_107' title='bbox 264 2391 311 2454; x_wconf 90' lang='lat' dir='ltr'><strong>vis</strong></span> <span class='ocrx_word' id='word_1_108' title='bbox 333 2390 491 2472; x_wconf 84' lang='lat' dir='ltr'><strong>indignum</strong></span> <span class='ocrx_word' id='word_1_109' title='bbox 512 2390 663 2470; x_wconf 88' lang='lat' dir='ltr'><strong>probitate</strong></span> <span class='ocrx_word' id='word_1_110' title='bbox 684 2391 775 2468; x_wconf 86' lang='lat' dir='ltr'><strong>vitae,</strong></span> <span class='ocrx_word' id='word_1_111' title='bbox 799 2389 880 2470; x_wconf 88' lang='lat' dir='ltr'><strong>quod</strong></span> <span class='ocrx_word' id='word_1_112' title='bbox 904 2388 1042 2452; x_wconf 88' lang='lat' dir='ltr'><strong>hilariter</strong></span> <span class='ocrx_word' id='word_1_113' title='bbox 1064 2388 1194 2453; x_wconf 90' lang='lat' dir='ltr'><strong>inludis</strong></span> <span class='ocrx_word' id='word_1_114' title='bbox 1220 2388 1361 2470; x_wconf 85' lang='lat' dir='ltr'><strong>iocisque</strong></span> 
     </span>
     <span class='ocr_line' id='line_1_21' title="bbox 264 2497 1362 2580; baseline 0.002 -21"><span class='ocrx_word' id='word_1_115' title='bbox 264 2497 356 2560; x_wconf 89' lang='lat' dir='ltr'><strong>vitam</strong></span> <span class='ocrx_word' id='word_1_116' title='bbox 378 2499 537 2580; x_wconf 84' lang='lat' dir='ltr'><strong>transegit,</strong></span> <span class='ocrx_word' id='word_1_117' title='bbox 555 2497 685 2561; x_wconf 82' lang='lat' dir='ltr'><strong>fortasse</strong></span> <span class='ocrx_word' id='word_1_118' title='bbox 705 2503 736 2561; x_wconf 93' lang='lat' dir='ltr'><strong>et</strong></span> <span class='ocrx_word' id='word_1_119' title='bbox 754 2497 935 2562; x_wconf 86' lang='lat' dir='ltr'><strong>hilaritatem</strong></span> <span class='ocrx_word' id='word_1_120' title='bbox 957 2514 1121 2578; x_wconf 88' lang='lat' dir='ltr'><strong>puerorum</strong></span> <span class='ocrx_word' id='word_1_121' title='bbox 1142 2498 1220 2561; x_wconf 89' lang='lat' dir='ltr'><strong>iocis</strong></span> <span class='ocrx_word' id='word_1_122' title='bbox 1241 2497 1362 2561; x_wconf 88' lang='lat' dir='ltr'><strong>exeita-</strong></span> 
     </span>
     <span class='ocr_line' id='line_1_22' title="bbox 255 2605 1360 2687; baseline -0.001 -18"><span class='ocrx_word' id='word_1_123' title='bbox 255 2607 361 2684; x_wconf 62' lang='lat' dir='ltr'><strong>,vitea</strong></span> <span class='ocrx_word' id='word_1_124' title='bbox 404 2607 500 2669; x_wconf 89' lang='lat' dir='ltr'><strong>Huius</strong></span> <span class='ocrx_word' id='word_1_125' title='bbox 523 2607 618 2672; x_wconf 82' lang='lat' dir='ltr'><strong>irater</strong></span> <span class='ocrx_word' id='word_1_126' title='bbox 640 2605 805 2686; x_wconf 78' lang='lat' dir='ltr'><strong>lucendus,</strong></span> <span class='ocrx_word' id='word_1_127' title='bbox 825 2606 964 2687; x_wconf 89' lang='lat' dir='ltr'><strong>simplex,</strong></span> <span class='ocrx_word' id='word_1_128' title='bbox 988 2607 1098 2685; x_wconf 91' lang='lat' dir='ltr'><strong>bonus,</strong></span> <span class='ocrx_word' id='word_1_129' title='bbox 1122 2608 1184 2670; x_wconf 90' lang='lat' dir='ltr'><strong>vita</strong></span> <span class='ocrx_word' id='word_1_130' title='bbox 1201 2624 1360 2670; x_wconf 89' lang='lat' dir='ltr'><strong>commcn-</strong></span> 
     </span>
     <span class='ocr_line' id='line_1_23' title="bbox 265 2714 1362 2797; baseline 0.001 -19"><span class='ocrx_word' id='word_1_131' title='bbox 265 2714 401 2796; x_wconf 90' lang='lat' dir='ltr'><strong>dandus,</strong></span> <span class='ocrx_word' id='word_1_132' title='bbox 425 2716 601 2780; x_wconf 89' lang='lat' dir='ltr'><strong>cathedram</strong></span> <span class='ocrx_word' id='word_1_133' title='bbox 622 2732 788 2797; x_wconf 86' lang='lat' dir='ltr'><strong>usurpasse</strong></span> <span class='ocrx_word' id='word_1_134' title='bbox 811 2715 971 2782; x_wconf 88' lang='lat' dir='ltr'><strong>dicebatur</strong></span> <span class='ocrx_word' id='word_1_135' title='bbox 993 2735 1051 2780; x_wconf 90' lang='lat' dir='ltr'><strong>nec</strong></span> <span class='ocrx_word' id='word_1_136' title='bbox 1074 2717 1225 2781; x_wconf 89' lang='lat' dir='ltr'><strong>meruisse</strong></span> <span class='ocrx_word' id='word_1_137' title='bbox 1247 2734 1362 2779; x_wconf 91' lang='lat' dir='ltr'><strong>nomen</strong></span> 
     </span>
     <span class='ocr_line' id='line_1_24' title="bbox 265 2825 507 2909; baseline -0.012 -19"><span class='ocrx_word' id='word_1_138' title='bbox 265 2825 457 2909; x_wconf 81' lang='lat' dir='ltr'><strong>grammatici</strong></span> <span class='ocrx_word' id='word_1_139' title='bbox 467 2829 507 2905; x_wconf 73' lang='grc'><strong>5).</strong></span> 
     </span>
    </p>
   </div>
   <div class='ocr_carea' id='block_1_3' title="bbox 264 2927 1363 3668">
    <p class='ocr_par' dir='ltr' id='par_1_8' title="bbox 266 2927 1362 3343">
     <span class='ocr_line' id='line_1_25' title="bbox 363 2927 1360 3017; baseline -0.002 -17"><span class='ocrx_word' id='word_1_140' title='bbox 363 2927 541 3004; x_wconf 88' lang='lat' dir='ltr'><strong>Notandum</strong></span> <span class='ocrx_word' id='word_1_141' title='bbox 559 2933 674 3000; x_wconf 90' lang='lat' dir='ltr'><strong>orbiter</strong></span> <span class='ocrx_word' id='word_1_142' title='bbox 694 2934 928 3017; x_wconf 79' lang='lat' dir='ltr'><strong>grammaticos,</strong></span> <span class='ocrx_word' id='word_1_143' title='bbox 951 2941 985 2997; x_wconf 93' lang='lat' dir='ltr'><strong>ut</strong></span> <span class='ocrx_word' id='word_1_144' title='bbox 1005 2941 1036 2998; x_wconf 89' lang='lat' dir='ltr'><strong>et</strong></span> <span class='ocrx_word' id='word_1_145' title='bbox 1056 2933 1210 3013; x_wconf 88' lang='lat' dir='ltr'><strong>rhetores,</strong></span> <span class='ocrx_word' id='word_1_146' title='bbox 1234 2934 1360 2999; x_wconf 86' lang='lat' dir='ltr'><strong>decreto</strong></span> 
     </span>
     <span class='ocr_line' id='line_1_26' title="bbox 268 3039 1362 3125; baseline -0.002 -17"><span class='ocrx_word' id='word_1_147' title='bbox 268 3043 387 3108; x_wconf 89' lang='lat' dir='ltr'><strong>ordinis</strong></span> <span class='ocrx_word' id='word_1_148' title='bbox 408 3044 573 3125; x_wconf 89' lang='lat' dir='ltr'><strong>probatos,</strong></span> <span class='ocrx_word' id='word_1_149' title='bbox 603 3044 664 3108; x_wconf 90' lang='lat' dir='ltr'><strong>nisi</strong></span> <span class='ocrx_word' id='word_1_150' title='bbox 687 3044 778 3108; x_wconf 92' lang='lat' dir='ltr'><strong>utiles</strong></span> <span class='ocrx_word' id='word_1_151' title='bbox 815 3039 1007 3109; x_wconf 86' lang='lat' dir='ltr'><strong>studentibus</strong></span> <span class='ocrx_word' id='word_1_152' title='bbox 1035 3061 1070 3108; x_wconf 91' lang='lat' dir='ltr'><strong>se</strong></span> <span class='ocrx_word' id='word_1_153' title='bbox 1089 3043 1284 3125; x_wconf 88' lang='lat' dir='ltr'><strong>praeberent,</strong></span> <span class='ocrx_word' id='word_1_154' title='bbox 1304 3043 1362 3107; x_wconf 90' lang='lat' dir='ltr'><strong>de-</strong></span> 
     </span>
     <span class='ocr_line' id='line_1_27' title="bbox 267 3151 1362 3236; baseline -0.002 -20"><span class='ocrx_word' id='word_1_155' title='bbox 267 3169 328 3216; x_wconf 92' lang='lat' dir='ltr'><strong>nuo</strong></span> <span class='ocrx_word' id='word_1_156' title='bbox 353 3152 390 3215; x_wconf 91' lang='lat' dir='ltr'><strong>ab</strong></span> <span class='ocrx_word' id='word_1_157' title='bbox 413 3152 523 3216; x_wconf 90' lang='lat' dir='ltr'><strong>eodem</strong></span> <span class='ocrx_word' id='word_1_158' title='bbox 545 3153 655 3217; x_wconf 88' lang='lat' dir='ltr'><strong>ordine</strong></span> <span class='ocrx_word' id='word_1_159' title='bbox 676 3152 837 3236; x_wconf 90' lang='lat' dir='ltr'><strong>reprobari</strong></span> <span class='ocrx_word' id='word_1_160' title='bbox 858 3153 1005 3234; x_wconf 90' lang='lat' dir='ltr'><strong>potuisse,</strong></span> <span class='ocrx_word' id='word_1_161' title='bbox 1029 3152 1197 3216; x_wconf 87' lang='lat' dir='ltr'><strong>seeundum</strong></span> <span class='ocrx_word' id='word_1_162' title='bbox 1214 3151 1362 3216; x_wconf 88' lang='lat' dir='ltr'><strong>Gordiani</strong></span> 
     </span>
     <span class='ocr_line' id='line_1_28' title="bbox 266 3260 497 3343; baseline -0.017 -19"><span class='ocrx_word' id='word_1_163' title='bbox 266 3260 448 3343; x_wconf 88' lang='lat' dir='ltr'><strong>rescriptum</strong></span> <span class='ocrx_word' id='word_1_164' title='bbox 457 3260 497 3336; x_wconf 74' lang='grc' dir='ltr'><strong>ό).</strong></span> 
     </span>
    </p>

    <p class='ocr_par' dir='ltr' id='par_1_9' title="bbox 264 3368 1363 3668">
     <span class='ocr_line' id='line_1_29' title="bbox 367 3368 1361 3451; baseline 0.006 -21"><span class='ocrx_word' id='word_1_165' title='bbox 367 3368 639 3432; x_wconf 89' lang='lat' dir='ltr'><strong>Grammaticorum</strong></span> <span class='ocrx_word' id='word_1_166' title='bbox 661 3369 765 3433; x_wconf 89' lang='lat' dir='ltr'><strong>eximii</strong></span> <span class='ocrx_word' id='word_1_167' title='bbox 787 3370 930 3451; x_wconf 85' lang='lat' dir='ltr'><strong>quidam,</strong></span> <span class='ocrx_word' id='word_1_168' title='bbox 954 3369 993 3433; x_wconf 90' lang='lat' dir='ltr'><strong>ed</strong></span> <span class='ocrx_word' id='word_1_169' title='bbox 1015 3369 1150 3434; x_wconf 87' lang='lat' dir='ltr'><strong>cilicium</strong></span> <span class='ocrx_word' id='word_1_170' title='bbox 1173 3377 1204 3432; x_wconf 92' lang='lat' dir='ltr'><strong>et</strong></span> <span class='ocrx_word' id='word_1_171' title='bbox 1224 3371 1361 3436; x_wconf 90' lang='lat' dir='ltr'><strong>honores</strong></span> 
     </span>
     <span class='ocr_line' id='line_1_30' title="bbox 264 3477 1363 3560; baseline 0.001 -18"><span class='ocrx_word' id='word_1_172' title='bbox 264 3477 422 3542; x_wconf 90' lang='lat' dir='ltr'><strong>rhetorum</strong></span> <span class='ocrx_word' id='word_1_173' title='bbox 443 3494 515 3540; x_wconf 89' lang='lat' dir='ltr'><strong>sese</strong></span> <span class='ocrx_word' id='word_1_174' title='bbox 537 3477 769 3558; x_wconf 88' lang='lat' dir='ltr'><strong>promovebant,</strong></span> <span class='ocrx_word' id='word_1_175' title='bbox 792 3483 826 3540; x_wconf 91' lang='lat' dir='ltr'><strong>ut</strong></span> <span class='ocrx_word' id='word_1_176' title='bbox 844 3478 1001 3542; x_wconf 83' lang='lat' dir='ltr'><strong>Ausonius</strong></span> <span class='ocrx_word' id='word_1_177' title='bbox 1021 3484 1051 3541; x_wconf 90' lang='lat' dir='ltr'><strong>et</strong></span> <span class='ocrx_word' id='word_1_178' title='bbox 1073 3479 1099 3541; x_wconf 93' lang='lat' dir='ltr'><strong>is</strong></span> <span class='ocrx_word' id='word_1_179' title='bbox 1119 3478 1158 3542; x_wconf 93' lang='lat' dir='ltr'><strong>de</strong></span> <span class='ocrx_word' id='word_1_180' title='bbox 1180 3496 1240 3560; x_wconf 85' lang='lat' dir='ltr'><strong>quo</strong></span> <span class='ocrx_word' id='word_1_181' title='bbox 1256 3479 1363 3544; x_wconf 84' lang='lat' dir='ltr'><strong>Auso-</strong></span> 
     </span>
     <span class='ocr_line' id='line_1_31' title="bbox 264 3577 878 3668; baseline -0.003 -17"><span class='ocrx_word' id='word_1_182' title='bbox 264 3587 334 3651; x_wconf 90' lang='lat' dir='ltr'><strong>nins</strong></span> <span class='ocrx_word' id='word_1_183' title='bbox 355 3577 565 3668; x_wconf 81' lang='lat' dir='ltr'><strong>Nepotianus,</strong></span> <span class='ocrx_word' id='word_1_184' title='bbox 874 3601 878 3604; x_wconf 87' lang='lat'>·</span> 
     </span>
    </p>
   </div>
   <div class='ocr_carea' id='block_1_4' title="bbox 318 3796 836 4341">
    <p class='ocr_par' dir='ltr' id='par_1_10' title="bbox 319 3796 626 3864">
     <span class='ocr_line' id='line_1_32' title="bbox 319 3796 626 3864; baseline -0.003 -15"><span class='ocrx_word' id='word_1_185' title='bbox 319 3798 350 3862; x_wconf 78' lang='lat'><strong>1)</strong></span> <span class='ocrx_word' id='word_1_186' title='bbox 365 3796 471 3850; x_wconf 57' lang='lat' dir='ltr'><strong>*dosora</strong></span> <span class='ocrx_word' id='word_1_187' title='bbox 492 3796 572 3864; x_wconf 64' lang='lat' dir='ltr'><strong>Prot.</strong></span> <span class='ocrx_word' id='word_1_188' title='bbox 591 3796 626 3850; x_wconf 85' lang='lat' dir='ltr'><strong>X.</strong></span> 
     </span>
    </p>

    <p class='ocr_par' dir='ltr' id='par_1_11' title="bbox 318 3891 502 3956">
     <span class='ocr_line' id='line_1_33' title="bbox 318 3891 502 3956; baseline 0.005 -14"><span class='ocrx_word' id='word_1_189' title='bbox 318 3892 351 3956; x_wconf 76' lang='lat' dir='ltr'><strong>a&gt;</strong></span> <span class='ocrx_word' id='word_1_190' title='bbox 373 3891 413 3942; x_wconf 84' lang='lat' dir='ltr'><strong>m.</strong></span> <span class='ocrx_word' id='word_1_191' title='bbox 434 3893 502 3943; x_wconf 83' lang='lat' dir='ltr'><strong>xm·</strong></span> 
     </span>
    </p>

    <p class='ocr_par' dir='ltr' id='par_1_12' title="bbox 318 3983 472 4054">
     <span class='ocr_line' id='line_1_34' title="bbox 318 3983 472 4054; baseline 0 -18"><span class='ocrx_word' id='word_1_192' title='bbox 318 3987 348 4054; x_wconf 84' lang='lat' dir='ltr'><strong>a)</strong></span> <span class='ocrx_word' id='word_1_193' title='bbox 369 3983 408 4036; x_wconf 82' lang='lat' dir='ltr'><strong>n.</strong></span> <span class='ocrx_word' id='word_1_194' title='bbox 425 3987 472 4037; x_wconf 90' lang='lat' dir='ltr'><strong>xr.</strong></span> 
     </span>
    </p>

    <p class='ocr_par' dir='ltr' id='par_1_13' title="bbox 322 4079 496 4146">
     <span class='ocr_line' id='line_1_35' title="bbox 322 4079 496 4146; baseline -0.011 -13"><span class='ocrx_word' id='word_1_195' title='bbox 322 4083 354 4146; x_wconf 76' lang='lat' dir='ltr'><strong>a)</strong></span> <span class='ocrx_word' id='word_1_196' title='bbox 374 4079 414 4131; x_wconf 81' lang='lat' dir='ltr'><strong>re.</strong></span> <span class='ocrx_word' id='word_1_197' title='bbox 434 4081 496 4132; x_wconf 88' lang='lat' dir='ltr'><strong>vu.</strong></span> 
     </span>
    </p>

    <p class='ocr_par' dir='ltr' id='par_1_14' title="bbox 320 4175 476 4245">
     <span class='ocr_line' id='line_1_36' title="bbox 320 4175 476 4245; baseline -0.013 -16"><span class='ocrx_word' id='word_1_198' title='bbox 320 4178 351 4245; x_wconf 80' lang='lat' dir='ltr'><strong>s)</strong></span> <span class='ocrx_word' id='word_1_199' title='bbox 372 4175 413 4227; x_wconf 83' lang='lat' dir='ltr'><strong>ro.</strong></span> <span class='ocrx_word' id='word_1_200' title='bbox 428 4176 476 4242; x_wconf 73' lang='lat' dir='ltr'><strong>un</strong></span> 
     </span>
    </p>

    <p class='ocr_par' dir='ltr' id='par_1_15' title="bbox 322 4267 836 4341">
     <span class='ocr_line' id='line_1_37' title="bbox 322 4267 836 4341; baseline 0.004 -17"><span class='ocrx_word' id='word_1_201' title='bbox 322 4272 352 4341; x_wconf 87' lang='lat' dir='ltr'><strong>o)</strong></span> <span class='ocrx_word' id='word_1_202' title='bbox 374 4269 437 4324; x_wconf 73' lang='lat' dir='ltr'><strong>cod.</strong></span> <span class='ocrx_word' id='word_1_203' title='bbox 460 4267 781 4340; x_wconf 52' lang='lat' dir='ltr'><strong>mennatem.</strong></span> <span class='ocrx_word' id='word_1_204' title='bbox 832 4303 836 4310; x_wconf 89' lang='lat'><strong>·</strong></span> 
     </span>
    </p>
   </div>
   <div class='ocr_carea' id='block_1_5' title="bbox 0 0 1574 5076">
    <p class='ocr_par' dir='ltr' id='par_1_16' title="bbox 0 0 1574 5076">
     <span class='ocr_line' id='line_1_38' title="bbox 0 0 1574 5076; baseline 0 0"><span class='ocrx_word' id='word_1_205' title='bbox 0 0 1574 5076; x_wconf 95' lang='lat' dir='ltr'><strong> </strong></span> 
     </span>
    </p>
   </div>
  </div>
 </body>
</html>
