3140 5076
712 263 1064 332 «ρ...

288 451 399 530 genter
419 446 579 513 docendae
592 448 739 513 iuventuti
751 467 876 532 operam
897 451 1060 515 navabant.
1103 451 1232 518 Scholas
1257 458 1288 517 et
1307 471 1383 521 aca-

289 557 405 622 demias
428 559 640 640 instituerant,
664 578 727 623 non
746 561 777 622 in
800 563 926 624 urbibus
950 561 1093 642 quidem,
1121 581 1180 625 nec
1202 564 1234 626 in
1256 564 1382 628 aedibus

286 667 415 749 publicis
438 674 489 732 aut
508 669 635 751 privatis
657 670 712 733 sed
736 670 766 734 in
786 670 900 735 intimis
924 671 1077 754 sylvarum
1101 678 1131 735 et
1152 679 1308 737 antrorum
1331 692 1384 738 re-

289 778 442 858 cessibuS,
465 785 499 839 ut
521 779 634 840 cecinit
654 778 818 842 Lucanus:

432 887 470 950 Et
491 905 548 950 vos
571 889 751 952 barbaricos
773 889 849 951 ritus
874 905 1051 969 moremque
1073 890 1229 953 sinistrum

436 997 599 1060 Sacrorum
616 997 763 1078 Druidae,
786 998 894 1078 positis
916 998 1071 1079 repetistis
1091 1000 1129 1061 ab
1150 1001 1254 1063 armis.

435 1105 515 1170 Solis
538 1095 737 1171 nosse'Deos
761 1113 790 1169 et
810 1109 891 1170 coeli
913 1109 1037 1171 numina
1058 1107 1148 1171 vobis

429 1215 492 1276 Aut
514 1215 589 1278 solis
611 1217 734 1280 nescire
757 1217 877 1281 datum:
899 1234 1027 1280 nemora
1050 1217 1110 1281 alta
1129 1218 1256 1282 rentotis

373 1317 377 1323 ’
431 1323 568 1388 incolitis
590 1325 677 1388 lucis.
704 1333 730 1403 ¹)

284 1431 429 1506 Quamvis
451 1415 618 1496 litterarum
641 1439 671 1496 et
686 1436 856 1516 scripturae
876 1453 965 1498 usum
984 1453 1046 1496 non
1068 1435 1257 1517 ignorarent,
1279 1436 1381 1497 bameh

267 1541 350 1622 nee
365 1539 503 1604 scribere
526 1541 679 1606 docebant
701 1549 752 1606 aut
772 1543 912 1606 sinebant
934 1544 1125 1625 discipulos,
1160 1562 1220 1606 nec
1239 1543 1297 1624 ipsi
1316 1543 1381 1605 tlo-

285 1649 415 1712 etrinam
451 1641 621 1730 scripturae
654 1653 884 1715 committebant
920 1658 971 1715 aut
1012 1652 1236 1734 componebant
1273 1651 1379 1714 libros.
1467 1715 1470 1722 ,

284 1757 361 1821 Viva
383 1777 463 1824 voce
485 1762 587 1824 omnia
611 1763 834 1840 tractabantur3
853 1762 954 1824 multis
971 1761 1093 1824 milibus
1112 1771 1268 1840 versum,
1288 1759 1377 1841 quasi

283 1871 417 1952 'quadmn
433 1873 632 1936 scientiarum
650 1891 777 1952 summa,
801 1873 980 1936 memoriam
998 1872 1141 1935 iuvenum
1164 1871 1316 1934 ornabant
1331 1851 1382 1934 vel

283 1983 462 2046 onerabant.
500 1983 695 2047 Druidarum,
719 1999 833 2046 uxores
860 1982 1042 2060 creduntur,
1082 1981 1122 2044 ad
1156 1981 1254 2044 instar
1286 1979 1383 2044 madi·-

282 2096 410 2170 tomm,
451 2092 618 2174 puellarum
653 2093 776 2157 scholas
806 2099 963 2174 separatas
1003 2089 1110 2154 eadem
1146 2089 1291 2152 methodo
1327 2087 1383 2150 'di-

280 2201 403 2265 rexisse
424 2207 465 2280 π).
923 2273 924 2280 ¹

383 2309 559 2392 Mysterium
580 2311 701 2373 redolet
723 2312 790 2372 ista'
804 2307 982 2386 methodus,
1012 2313 1042 2368 et
1064 2320 1173 2370 revera
1193 2306 1383 2388 aenigmatis

285 2418 343 2482 bus
367 2425 397 2482 et
419 2419 561 2482 obscuris
584 2419 689 2482 verbis
707 2418 843 2486 Druidae
865 2417 1026 2479 scientiam
1055 2423 1086 2480 et
1114 2415 1296 2496 ueritatem,
1326 2411 1381 2481 aut

281 2528 391 2592 saltem
428 2529 589 2610 opiniones
608 2547 704 2606 suas,
738 2527 908 2590 involvisse
931 2525 1073 2589 dicuntur
1095 2530 1134 2604 ³).
1183 2522 1378 2590 narravero

285 2637 439 2701 Gallorum
465 2637 695 2719 philosophiae,
730 2655 820 2718 quam
841 2635 981 2700 Valerius
1001 2635 1149 2700 Maximus
1179 2641 1320 2716 ,armam
1349 2630 1382 2698 el

283 2747 540 2811 ioenaratoriam‘<
552 2725 714 2828 nuncupat
731 2751 771 2828 l),
795 2746 938 2810 tenebras
962 2745 1122 2828 dissiparit
1135 2744 1194 2810 tut<
1209 2765 1233 2810 ‘e
1246 2741 1382 2811 (iratrdla

282 2859 313 2920 in
335 2858 555 2921 Phoceensium
577 2857 750 2936 coloniam,
782 2857 947 2922 Massiliam
970 2857 1069 2920 allata.
1113 2857 1178 2922 Hac
1198 2858 1229 2919 in
1251 2858 1382 2938 provin-

283 2969 342 3048 cia,
366 2985 444 3049 quae
464 2968 560 3049 prima
582 2967 702 3049 publica
724 2968 883 3031 academia
902 2968 995 3031 totius
1010 2967 1126 3030 Galliae
1146 2967 1298 3030 nominari
1312 2985 1383 3029 me-

201 3137 203 3144 ,
282 3083 387 3157 retur,
425 3097 483 3141 nec
505 3079 654 3141 scientiae
682 3076 861 3160 e'oorsptaal
892 3077 1102 3155 docebantur,
1129 3095 1188 3139 nec
1209 3076 1328 3138 litterae
1349 3077 1381 3136 in

281 3187 491 3266 penetralibus
511 3188 775 3249 recondebantur:
807 3202 913 3248 omnes
936 3203 1043 3264 veras,
1066 3184 1188 3262 bonas,
1207 3181 1298 3245 utiles
1319 3201 1383 3245 no-

283 3296 383 3359 tiones
412 3313 502 3376 quam
536 3295 683 3358 latissime
717 3295 822 3376 spargi
854 3294 978 3356 iubebat
1009 3293 1140 3355 humana
1170 3291 1259 3354 ratio.
1310 3291 1379 3353 lloo

284 3405 423 3486 exemplo
438 3405 534 3468 tracta
546 3410 593 3468 est
607 3404 768 3467 doctorum
780 3404 995 3485 mysteriorum
1010 3401 1186 3464 auctoritas.
1209 3399 1282 3462 Post
1294 3405 1380 3462 terre-

282 3513 356 3576 bros
379 3515 451 3594 tac,
474 3533 536 3578 non
558 3513 766 3576 tantummodo
788 3529 903 3593 parvae
929 3512 1028 3574 civilis
1051 3509 1240 3592 reipublicae
1256 3513 1283 3590 5)
1306 3527 1382 3574 ora-

281 3624 391 3706 culum,
415 3624 470 3688 sed
491 3624 656 3688 universae
677 3623 845 3686 litterarum
867 3621 1066 3703 reipublicae.

278 3800 335 3811 ...-

334 3911 364 3978 1)
382 3911 511 3964 Ptolem.
532 3914 555 3981 1,
571 3913 723 3964 ‹tto-454.

335 4007 366 4074 a)
386 4007 455 4058 ittet.
475 4007 524 4058 ttrt.
544 4010 565 4058 1.
583 4011 612 4059 Ρ.
631 4010 655 4076 1,
673 4009 718 4078 41,
736 4009 780 4061 42.

332 4104 363 4172 a)
383 4101 450 4153 Μ.
471 4103 515 4154 41.

331 4197 666 4269 mumadam

336 4297 367 4366 s)
386 4295 568 4349 ueneranda.
