3140 5076
688 292 933 378 ..20-

345 484 394 550 lle
414 481 491 567 legit
511 481 611 547 omnis
629 481 676 545 ‘ibi
697 483 813 564 senior,
836 482 1017 564 iuvenisque
1036 500 1184 565 puerque,

386 593 425 658 llt
445 609 551 657 eoram
574 593 684 657 tetrico
708 599 793 657 easta
813 591 916 674 puella
939 592 1018 655 viro.

344 703 411 768 lloc
433 721 494 787 ego
516 703 685 782 maluerim,
707 719 797 784 quam
819 702 847 767 si
866 719 935 766 mea
958 701 1095 766 earmina
1117 705 1251 780 cantent,

387 813 446 890 Qui
467 789 570 896 Nilum
588 832 628 883 eu
649 813 716 912 ipso
738 812 879 896 protinus¹
901 829 956 890 ore
977 812 1095 884 bibunt.

345 923 442 1008 Quam
463 939 549 986 meus
570 923 707 1004 Hispano
730 923 758 992 si
779 940 829 985 me
850 923 951 1011 Tagus
975 919 1098 1006 impleat
1118 939 1205 1002 auro,

329 1093 333 1100 .
384 1032 493 1098 Pascat
514 1038 545 1099 et
566 1032 663 1116 Hybla
687 1050 782 1114 meas,
804 1038 910 1117 pascat
929 1033 1087 1116 Hymettos
1105 1050 1189 1116 apes.

343 1143 411 1209 Non
434 1141 509 1222 nibil
532 1159 608 1226 ergo
630 1160 745 1223 sumus,
766 1160 826 1204 nec
846 1141 977 1208 blandae
998 1158 1125 1206 munere
1149 1141 1274 1225 linguae

305 1241 310 1250 ⁴
383 1233 581 1336 Deciunimur(
614 1252 738 1318 aradam
759 1251 820 1329 iam
841 1257 925 1337 puto,
948 1253 1057 1331 Lause,
1080 1251 1145 1320 tibi.
1170 1257 1196 1336 ¹)

361 1361 463 1426 Remis
476 1361 624 1455 (lleims)³
647 1361 679 1423 in
699 1360 856 1425 secundae
877 1361 1023 1446 Belgicae
1046 1361 1220 1449 metropoli,
1244 1361 1359 1426 biblio-

260 1469 362 1556 polam
384 1469 482 1561 l'uisst}
503 1475 610 1553 uotum
630 1469 704 1533 lacit
724 1470 912 1555 Apollinaris
935 1471 1089 1550 Sidonius.
1115 1477 1144 1563 ²)
1193 1553 1196 1559 Ι

265 1555 271 1568 ⁴
362 1579 624 1668 Quemadmodum
641 1597 757 1666 mores,¹
778 1598 895 1668 sermo,¹
918 1580 1049 1660 litterae,
1067 1580 1114 1655 sio
1131 1579 1284 1656 Gallorum
1303 1598 1358 1644 re-

259 1688 336 1780 ligio
357 1707 426 1766 oum
448 1691 654 1772 Romanorum
682 1689 835 1775 religione
866 1689 1010 1772 paulatim
1032 1689 1154 1755 coaluit.
1198 1689 1355 1755 sacrificia

259 1797 393 1880 bumana
416 1797 560 1878 Claudius
582 1799 685 1876 ediolo
707 1799 828 1884 penitus
854 1799 1042 1878 abolevit³);
1076 1799 1260 1868 Druidarum
1281 1815 1357 1861 vero

259 1913 346 1973 saeta
365 1915 397 1992 et
417 1926 530 1990 nomeu
551 1927 648 2006 usque
669 1889 716 1973 ad
731 1909 850 1974 initium
872 1909 971 2000 quarti
992 1909 1099 1991 seculi,
1115 1909 1369 1990 permanserunt.¹

259 2015 305 2081 llo
328 2017 410 2081 enim
432 2023 617 2118 temporeo
639 2018 823 2101 Druidarum
845 2018 969 2107 familiis
990 2019 1131 2102 rhetores
1151 2025 1180 2080 et
1202 2037 1358 2104 gramma·

259 2121 313 2192 tici
334 2125 416 2204 intra
435 2126 525 2208 nobis
547 2134 721 2198 decurrent.

446 2298 476 2380 a
498 2303 529 2364 a
582 2296 755 2366 etiarm
773 2302 934 2384 maenaa
956 2296 1165 2363 meream.

359 2451 570 2522 Gallioiblusis
588 2455 650 2546 apti
662 2454 780 2538 ingenii
791 2454 1000 2538 antiquissima
1014 2458 1134 2518 exstant
1149 2459 1355 2521 monumenta.

361 2563 434 2628 l’ost
454 2563 609 2660 Druidas3
643 2563 722 2628 Galli
745 2581 857 2648 magno
881 2564 912 2626 in
934 2563 1053 2628 honore
1075 2562 1229 2640 habebant
1247 2567 1355 2645 poetas

260 2673 327 2742 iere
347 2672 471 2756 publico
503 2690 632 2742 munere
660 2673 843 2756 fungentes,
878 2689 955 2754 quos
987 2670 1109 2734 Bardos
1146 2671 1353 2736 nominabant.

258 2783 309 2866 Hi,
331 2782 370 2848 nd
393 2783 663 2868 instrumentorum
684 2759 811 2862 sonum,
832 2782 907 2866 lyris
929 2782 1090 2862 similium,
1113 2800 1247 2866 pugnarn
1269 2800 1357 2846 corn-

259 2892 407 2956 missuros
421 2891 613 2972 excitabant3
633 2897 740 2980 pastea
759 2891 881 2956 timidos
899 2892 1043 2955 versibus
1064 2892 1198 2956 satiricis
1218 2891 1355 2954 insecta-

258 3002 390 3084 bamur,
422 3002 558 3069 viatores
580 3009 632 3072 aut
659 3020 715 3092 pro
746 3002 844 3097 patria
864 3008 1003 3069 mortuos
1038 3001 1223 3072 extollebant
1250 2999 1355 3064 laudi-

259 3111 376 3192 bus⁴);
399 3129 454 3184 eas
476 3112 548 3176 ideo
571 3111 620 3176 his
643 3112 806 3208 alloquitur
829 3113 986 3187 Lucanus:

341 3223 405 3284 llos
427 3238 549 3318 quoque
571 3221 622 3323 luni
642 3220 739 3294 sortes
763 3222 880 3302 animas
903 3220 1045 3300 belloque
1066 3224 1237 3305 peremptas

342 3327 495 3410 Laudibus
517 3329 549 3391 in
572 3329 698 3414 longum
720 3336 805 3396 vates
829 3330 977 3399 dimittitis
1001 3347 1139 3407 aevum,⁴

341 3437 472 3502 Plurima
492 3437 595 3501 securi
618 3437 739 3522 fudistis
762 3438 898 3501 carmina
921 3438 1020 3502 Bardi.
1044 3441 1072 3531 ὃ)

357 3549 564 3642 Romanorum
584 3554 723 3640 tempore
744 3565 857 3611 novum
877 3552 1037 3630 poetarum
1058 3564 1157 3651 genus
1177 3563 1258 3637 nova
1279 3543 1355 3609 ludit

260 3677 407 3728 oarrnrna.

313 3941 346 4018 u
361 3941 393 3993 n
405 3940 468 4016 nu
485 3955 511 4022 a.
529 3941 577 4007 a..

313 4033 606 4117 illolxrtltitbl·

314 4128 620 4196 SJMfflaud-ffl.

317 4227 348 4295 4)
372 4222 448 4278 lit'od.
469 4225 554 4278 Saul.
574 4225 606 4278 Ῑι.
620 4225 657 4294 V,
675 4238 699 4276 o.
717 4225 761 4276 ³1.

315 4325 348 4394 a)
364 4321 469 4378 lom
486 4321 585 4376 naam.
603 4323 626 4392 ι,
643 4321 794 4374 arn-sae.
