3140 5076
2 312 6 431 i

2 569 6 645 l

619 265 867 336 ..ffl-

260 495 262 502 .
291 449 336 511 De
369 448 544 510 auctoribus
575 447 702 510 duorum
729 449 987 530 panegyricorum
1008 448 1188 530 ambigitur3
1223 467 1292 514 cum

194 573 270 620 vero
293 557 426 620 'treviris
449 557 522 619 dicti
545 557 679 636 fuerint,
702 557 805 622 Gallos
827 564 970 621 auctores
995 558 1138 622 habuisse
1159 559 1212 622 vix
1233 559 1291 622 du-

189 666 280 730 bitari
304 666 391 730 licet:
414 666 490 731 alter
511 665 717 747 Poneuyricos
740 665 928 746 Macimiono
951 674 979 728 et
999 667 1179 756 Constantio,
1196 667 1293 730 dictur

193 774 276 838 circa
299 793 347 838 an.
370 775 453 854 307,
488 776 519 836 in
548 778 667 857 nuptias
696 777 885 840 Constantini
917 777 1049 860 Augusti
1086 797 1153 840 cum
1182 778 1292 841 Fausta

191 885 401 950 Maximiniani
444 885 504 948 filia
524 905 540 962 3·
574 886 651 951 alter
683 886 888 968 Poneoyrious
924 887 1122 950 Constantino
1155 886 1291 970 Aoyosto

192 975 272 1057 anno
299 995 371 1074 313,
395 1013 464 1058 curn
487 995 723 1076 Constantinus,
745 997 869 1060 devicto
892 998 1069 1075 Maxentio,
1093 997 1131 1059 ad
1154 997 1292 1062 Rhenum

190 1121 334 1168 reversus
357 1113 448 1170 esset.

291 1213 497 1294 Porroqyrtcns
518 1232 638 1302 nonus,
673 1212 869 1275 Constantino
895 1212 1044 1293 Aoyusto·
1064 1213 1190 1294 eiusque
1223 1213 1305 1278 filiis»

192 1323 386 1401 Caesaribus,
409 1341 476 1386 oum
497 1323 628 1386 natalem
650 1324 784 1404 quintum
808 1323 1011 1401 celebrarent,
1035 1323 1134 1386 dictus
1155 1323 1211 1386 luit
1228 1323 1294 1385 Ro·

193 1450 261 1496 rnae
284 1450 364 1495 anno
389 1433 461 1498 391.
506 1433 617 1515 Agitur
640 1431 671 1492 in
705 1450 743 1496 eo
765 1432 803 1494 de
831 1432 913 1495 bello
936 1431 1085 1496 adversus
1106 1433 1291 1498 Maxentium

194 1547 224 1604 ot
255 1542 293 1605 de
316 1542 506 1605 Constantini
540 1541 666 1605 victoris
690 1541 862 1606 clementia.
907 1543 1071 1606 Auctorem
1099 1542 1192 1606 habet
1213 1543 1291 1606 haec

195 1652 293 1715 oratio
315 1650 483 1715 Nuceriam
503 1669 604 1731 quem
624 1651 804 1732 ,rhetorem
817 1652 987 1733 insignem‘
1020 1658 1111 1714 vocat
1140 1653 1292 1734 Hierony.

193 1767 307 1840 mus1).
351 1761 541 1825 Moderatior
572 1762 602 1821 in
625 1760 778 1824 laudando
805 1765 863 1844 et¹
877 1763 908 1822 in
943 1763 1035 1824 totius
1066 1761 1217 1824 orationis
1243 1767 1292 1824 te-

191 1888 286 1949 nore,
322 1871 517 1950 praecisione
539 1871 735 1952 cogitationis
759 1871 907 1947 eximius,
940 1867 1039 1950 ,valet
1061 1863 1196 1952 inprimis
1217 1889 1293 1933 acu-

192 1980 272 2042 mine
294 1979 411 2062 ingenii
435 1985 465 2042 et
484 1980 616 2054 iucunda
638 1980 795 2062 cogitandi
817 1980 1033 2060 profunditate,
1058 1986 1091 2041 ut
1112 1999 1151 2044 ex
1173 1980 1291 2042 crebris

192 2087 272 2152 illius
293 2089 452 2162 sententiis
475 2089 566 2152 facile
589 2090 729 2152 omnibns
752 2096 833 2170 patet
847 2097 906 2170 Ψ
950 2090 1040 2168 Dicit,
1067 2090 1197 2170 exempli
1217 2107 1293 2171 gra·

194 2199 252 2261 tia:
282 2198 419 2279 ,Optima
448 2200 532 2261 aiunt
563 2217 633 2262 esse
655 2199 792 2262 remedia
824 2217 902 2280 quae
936 2200 974 2262 ad
998 2218 1085 2262 usum
1113 2198 1291 2280 corrigendi

193 2309 290 2372 nostri
314 2328 353 2372 ex
376 2309 474 2372 aliena
499 2310 669 2374 calamitate
691 2316 876 2386 nascuntur3
911 2329 1028 2374 verum,
1047 2310 1165 2376 animus
1187 2309 1293 2388 pravi-

192 2424 274 2496 tate,
307 2418 390 2481 velut
414 2420 540 2497 morbo,
574 2420 736 2500 impeditus
759 2419 910 2482 delectum
940 2420 1013 2484 boni
1042 2431 1108 2481 non'
1128 2419 1293 2500 habetssuf‘

190 2526 289 2590 Multis
310 2527 340 2588 in
363 2527 441 2600 locis
461 2529 620 2610 grauitate
636 2546 860 2610 generosorum
890 2547 1033 2592 sensuum
1063 2527 1210 2609 eloquens
1235 2546 1291 2608 ap.

4 2627 5 2634 '
78 2677 80 2681 -
189 2639 330 2715 paretl).
378 2637 502 2701 Gloriae
532 2639 671 2722 magistri
701 2639 748 2702 sui
779 2640 905 2702 Paterae
936 2639 1066 2702 habetur
1094 2638 1229 2701 aemulus
1252 2644 1290 2716 ⁵).

190 2743 263 2804 Eius
284 2743 698 2824 liliaEunomia,-ohristiana
718 2749 819 2829 virgo,
841 2748 1062 2828 ineloquentia
1078 2749 1155 2826 patri
1175 2765 1292 2827 aequa-

190 2849 228 2912 lis
251 2850 422 2914 existimata
448 2853 513 2929 fuit,
536 2859 612 2915 teste
635 2855 820 2934 Hieronymo
836 2855 875 2931 ⁶).

280 2959 435 3022 'Decimus
457 2961 663 3041 Panegyricus
687 2962 735 3023 vel
755 2979 815 3038 pro
838 2963 996 3022 consolato
1017 2961 1188 3043 oratiorum
1211 2961 1291 3024 actio

193 3067 313 3130 Iuliano
338 3068 484 3149 Augousta,
511 3067 687 3131 Mamertini
705 3087 816 3148 nomen
840 3070 971 3132 exhibet.
1006 3072 1103 3144 Quum
1122 3071 1200 3133 liaeo
1218 3088 1292 3132 ora-

192 3178 234 3240 tio
258 3196 338 3240 anno
361 3177 547 3266 3691habita
570 3179 626 3256 sit,
662 3179 768 3241 nescio
791 3179 945 3259 quomodo
970 3180 1106 3242 virorum
1129 3179 1291 3244 doctorum

192 3288 313 3369 quidam
346 3289 463 3352 huncce
496 3307 563 3352 oum
588 3288 715 3352 Claudio
736 3289 915 3352 Mamertino
949 3290 1164 3370 contuderint,
1206 3290 1291 3354 ouius

191 3398 293 3463 ultima
315 3400 413 3462 oratio
437 3417 517 3462 anno
540 3399 600 3462 999
624 3398 705 3461 dicta
729 3399 832 3474 snitu.
858 3399 1053 3463 Mamertinus
1075 3401 1178 3462 iunior
1198 3400 1290 3462 homo

244 3703 274 3766 1)
294 3702 390 3754 Museo.
414 3703 511 3754 Chaon.
531 3705 564 3754 ad
585 3717 608 3754 a.
627 3705 688 3755 398.

244 3797 275 3861 a)
297 3798 442 3864 annectas,
459 3783 496 3848 αι’
513 3799 612 3866 vegeta
626 3798 709 3849 nm.
729 3799 832 3848 senem.
852 3797 917 3861 cap.
937 3799 985 3867 vr,
1006 3799 1032 3860 s.
1046 3800 1088 3848 ra.
1113 3781 1114 3786 ’

244 3893 276 3955 3)
297 3905 322 3941 c.
342 3893 387 3943 22.

244 3987 539 4056 mumanae

244 4085 276 4147 5)
296 4082 398 4134 Aeson.
416 4083 631 4153 Paresacaxlv,
651 4087 677 4135 9.

243 4180 274 4246 6)
292 4176 388 4232 ucat.
413 4179 511 4232 Cleon.
530 4183 564 4232 ad
583 4194 627 4232 an.
646 4181 707 4232 ³89.

243 4274 274 4339 7)
293 4275 390 4346 Supra,
407 4291 434 4341 p.
453 4275 513 4328 155.
